
% Abolfathi et al. (2018), SDSS DR14 paper 
@ARTICLE{Abolfathi2014,
       author = {{Abolfathi}, Bela and {Aguado}, D.~S. and {Aguilar}, Gabriela and
         {Allende Prieto}, Carlos and {Almeida}, Andres and
         {Ananna}, Tonima Tasnim and {Anders}, Friedrich and
         {Anderson}, Scott F. and {Andrews}, Brett H. and {Anguiano}, Borja and
         {Arag{\'o}n-Salamanca}, Alfonso and {Argudo-Fern{\'a}ndez}, Maria and
         {Armengaud}, Eric and {Ata}, Metin and {Aubourg}, Eric and
         {Avila-Reese}, Vladimir and {Badenes}, Carles and {Bailey}, Stephen and
         {Balland}, Christophe and {Barger}, Kathleen A. and
         {Barrera-Ballesteros}, Jorge and {Bartosz}, Curtis and
         {Bastien}, Fabienne and {Bates}, Dominic and {Baumgarten}, Falk and
         {Bautista}, Julian and {Beaton}, Rachael and {Beers}, Timothy C. and
         {Belfiore}, Francesco and {Bender}, Chad F. and {Bernardi}, Mariangela and
         {Bershady}, Matthew A. and {Beutler}, Florian and {Bird}, Jonathan C. and
         {Bizyaev}, Dmitry and {Blanc}, Guillermo A. and {Blanton}, Michael R. and
         {Blomqvist}, Michael and {Bolton}, Adam S. and
         {Boquien}, M{\'e}d{\'e}ric and {Borissova}, Jura and {Bovy}, Jo and
         {Bradna Diaz}, Christian Andres and {Brandt}, William Nielsen and
         {Brinkmann}, Jonathan and {Brownstein}, Joel R. and {Bundy}, Kevin and
         {Burgasser}, Adam J. and {Burtin}, Etienne and {Busca}, Nicol{\'a}s G. and
         {Ca{\~n}as}, Caleb I. and {Cano-D{\'\i}az}, Mariana and
         {Cappellari}, Michele and {Carrera}, Ricardo and {Casey}, Andrew R. and
         {Cervantes Sodi}, Bernardo and {Chen}, Yanping and {Cherinka}, Brian and
         {Chiappini}, Cristina and {Choi}, Peter Doohyun and {Chojnowski}, Drew and
         {Chuang}, Chia-Hsun and {Chung}, Haeun and {Clerc}, Nicolas and
         {Cohen}, Roger E. and {Comerford}, Julia M. and {Comparat}, Johan and
         {Correa do Nascimento}, Janaina and {da Costa}, Luiz and
         {Cousinou}, Marie-Claude and {Covey}, Kevin and {Crane}, Jeffrey D. and
         {Cruz-Gonzalez}, Irene and {Cunha}, Katia and
         {da Silva Ilha}, Gabriele and {Damke}, Guillermo J. and
         {Darling}, Jeremy and {Davidson}, James W., Jr. and {Dawson}, Kyle and
         {de Icaza Lizaola}, Miguel Angel C. and {de la Macorra}, Axel and
         {de la Torre}, Sylvain and {De Lee}, Nathan and
         {de Sainte Agathe}, Victoria and {Deconto Machado}, Alice and
         {Dell'Agli}, Flavia and {Delubac}, Timoth{\'e}e and
         {Diamond-Stanic}, Aleksandar M. and {Donor}, John and
         {Downes}, Juan Jos{\'e} and {Drory}, Niv and
         {du Mas des Bourboux}, H{\'e}lion and {Duckworth}, Christopher J. and
         {Dwelly}, Tom and {Dyer}, Jamie and {Ebelke}, Garrett and
         {Davis Eigenbrot}, Arthur and {Eisenstein}, Daniel J. and
         {Elsworth}, Yvonne P. and {Emsellem}, Eric and {Eracleous}, Michael and
         {Erfanianfar}, Ghazaleh and {Escoffier}, Stephanie and {Fan}, Xiaohui and
         {Fern{\'a}ndez Alvar}, Emma and {Fernandez-Trincado}, J.~G. and {Fernand
        o Cirolini}, Rafael and {Feuillet}, Diane and {Finoguenov}, Alexis and
         {Fleming}, Scott W. and {Font-Ribera}, Andreu and {Freischlad}, Gordon and
         {Frinchaboy}, Peter and {Fu}, Hai and {G{\'o}mez Maqueo Chew}, Yilen and
         {Galbany}, Llu{\'\i}s and {Garc{\'\i}a P{\'e}rez}, Ana E. and
         {Garcia-Dias}, R. and {Garc{\'\i}a-Hern{\'a}ndez}, D.~A. and
         {Garma Oehmichen}, Luis Alberto and {Gaulme}, Patrick and {Gelfand
        }, Joseph and {Gil-Mar{\'\i}n}, H{\'e}ctor and {Gillespie}, Bruce A. and
         {Goddard}, Daniel and {Gonz{\'a}lez Hern{\'a}ndez}, Jonay I. and
         {Gonzalez-Perez}, Violeta and {Grabowski}, Kathleen and
         {Green}, Paul J. and {Grier}, Catherine J. and {Gueguen}, Alain and
         {Guo}, Hong and {Guy}, Julien and {Hagen}, Alex and {Hall}, Patrick and
         {Harding}, Paul and {Hasselquist}, Sten and {Hawley}, Suzanne and
         {Hayes}, Christian R. and {Hearty}, Fred and {Hekker}, Saskia and {Hernand
        ez}, Jesus and {Hernandez Toledo}, Hector and {Hogg}, David W. and
         {Holley-Bockelmann}, Kelly and {Holtzman}, Jon A. and {Hou}, Jiamin and
         {Hsieh}, Bau-Ching and {Hunt}, Jason A.~S. and
         {Hutchinson}, Timothy A. and {Hwang}, Ho Seong and
         {Jimenez Angel}, Camilo Eduardo and {Johnson}, Jennifer A. and
         {Jones}, Amy and {J{\"o}nsson}, Henrik and {Jullo}, Eric and
         {Khan}, Fahim Sakil and {Kinemuchi}, Karen and {Kirkby}, David and
         {Kirkpatrick}, Charles C., IV and {Kitaura}, Francisco-Shu and
         {Knapp}, Gillian R. and {Kneib}, Jean-Paul and {Kollmeier}, Juna A. and
         {Lacerna}, Ivan and {Lane}, Richard R. and {Lang}, Dustin and
         {Law}, David R. and {Le Goff}, Jean-Marc and {Lee}, Young-Bae and
         {Li}, Hongyu and {Li}, Cheng and {Lian}, Jianhui and {Liang}, Yu and
         {Lima}, Marcos and {Lin}, Lihwai and {Long}, Dan and {Lucatello}, Sara and
         {Lundgren}, Britt and {Mackereth}, J. Ted and {MacLeod}, Chelsea L. and
         {Mahadevan}, Suvrath and {Maia}, Marcio Antonio Geimba and
         {Majewski}, Steven and {Manchado}, Arturo and {Maraston}, Claudia and
         {Mariappan}, Vivek and {Marques-Chaves}, Rui and {Masseron}, Thomas and
         {Masters}, Karen L. and {McDermid}, Richard M. and {McGreer}, Ian D. and
         {Melendez}, Matthew and {Meneses-Goytia}, Sofia and {Merloni}, Andrea and
         {Merrifield}, Michael R. and {Meszaros}, Szabolcs and {Meza}, Andres and
         {Minchev}, Ivan and {Minniti}, Dante and {Mueller}, Eva-Maria and
         {Muller-Sanchez}, Francisco and {Muna}, Demitri and
         {Mu{\~n}oz}, Ricardo R. and {Myers}, Adam D. and {Nair}, Preethi and {Nand
        ra}, Kirpal and {Ness}, Melissa and {Newman}, Jeffrey A. and
         {Nichol}, Robert C. and {Nidever}, David L. and {Nitschelm}, Christian and
         {Noterdaeme}, Pasquier and {O'Connell}, Julia and
         {Oelkers}, Ryan James and {Oravetz}, Audrey and {Oravetz}, Daniel and
         {Ort{\'\i}z}, Erik Aquino and {Osorio}, Yeisson and {Pace}, Zach and
         {Padilla}, Nelson and {Palanque-Delabrouille}, Nathalie and
         {Palicio}, Pedro Alonso and {Pan}, Hsi-An and {Pan}, Kaike and
         {Parikh}, Taniya and {P{\^a}ris}, Isabelle and {Park}, Changbom and
         {Peirani}, Sebastien and {Pellejero-Ibanez}, Marcos and
         {Penny}, Samantha and {Percival}, Will J. and {Perez-Fournon}, Ismael and
         {Petitjean}, Patrick and {Pieri}, Matthew M. and {Pinsonneault}, Marc and
         {Pisani}, Alice and {Prada}, Francisco and {Prakash}, Abhishek and
         {Queiroz}, Anna B{\'a}rbara de Andrade and {Raddick}, M. Jordan and
         {Raichoor}, Anand and {Barboza Rembold}, Sandro and
         {Richstein}, Hannah and {Riffel}, Rogemar A. and {Riffel}, Rog{\'e}rio and
         {Rix}, Hans-Walter and {Robin}, Annie C. and
         {Rodr{\'\i}guez Torres}, Sergio and {Rom{\'a}n-Z{\'u}{\~n}iga}, Carlos and
         {Ross}, Ashley J. and {Rossi}, Graziano and {Ruan}, John and
         {Ruggeri}, Rossana and {Ruiz}, Jose and {Salvato}, Mara and
         {S{\'a}nchez}, Ariel G. and {S{\'a}nchez}, Sebasti{\'a}n F. and
         {Sanchez Almeida}, Jorge and {S{\'a}nchez-Gallego}, Jos{\'e} R. and
         {Santana Rojas}, Felipe Antonio and {Santiago}, Bas{\'\i}lio Xavier and
         {Schiavon}, Ricardo P. and {Schimoia}, Jaderson S. and
         {Schlafly}, Edward and {Schlegel}, David and {Schneider}, Donald P. and
         {Schuster}, William J. and {Schwope}, Axel and {Seo}, Hee-Jong and
         {Serenelli}, Aldo and {Shen}, Shiyin and {Shen}, Yue and
         {Shetrone}, Matthew and {Shull}, Michael and
         {Silva Aguirre}, V{\'\i}ctor and {Simon}, Joshua D. and
         {Skrutskie}, Mike and {Slosar}, An{\v{z}}e and {Smethurst}, Rebecca and
         {Smith}, Verne and {Sobeck}, Jennifer and {Somers}, Garrett and
         {Souter}, Barbara J. and {Souto}, Diogo and {Spindler}, Ashley and
         {Stark}, David V. and {Stassun}, Keivan and {Steinmetz}, Matthias and
         {Stello}, Dennis and {Storchi-Bergmann}, Thaisa and
         {Streblyanska}, Alina and {Stringfellow}, Guy S. and
         {Su{\'a}rez}, Genaro and {Sun}, Jing and {Szigeti}, Laszlo and
         {Taghizadeh-Popp}, Manuchehr and {Talbot}, Michael S. and
         {Tang}, Baitian and {Tao}, Charling and {Tayar}, Jamie and
         {Tembe}, Mita and {Teske}, Johanna and {Thakar}, Aniruddha R. and
         {Thomas}, Daniel and {Tissera}, Patricia and {Tojeiro}, Rita and
         {Tremonti}, Christy and {Troup}, Nicholas W. and {Urry}, Meg and
         {Valenzuela}, O. and {van den Bosch}, Remco and
         {Vargas-Gonz{\'a}lez}, Jaime and {Vargas-Maga{\~n}a}, Mariana and
         {Vazquez}, Jose Alberto and {Villanova}, Sandro and {Vogt}, Nicole and
         {Wake}, David and {Wang}, Yuting and {Weaver}, Benjamin Alan and
         {Weijmans}, Anne-Marie and {Weinberg}, David H. and
         {Westfall}, Kyle B. and {Whelan}, David G. and {Wilcots}, Eric and
         {Wild}, Vivienne and {Williams}, Rob A. and {Wilson}, John and
         {Wood-Vasey}, W.~M. and {Wylezalek}, Dominika and {Xiao}, Ting and
         {Yan}, Renbin and {Yang}, Meng and {Ybarra}, Jason E. and
         {Y{\`e}che}, Christophe and {Zakamska}, Nadia and {Zamora}, Olga and
         {Zarrouk}, Pauline and {Zasowski}, Gail and {Zhang}, Kai and
         {Zhao}, Cheng and {Zhao}, Gong-Bo and {Zheng}, Zheng and
         {Zheng}, Zheng and {Zhou}, Zhi-Min and {Zhu}, Guangtun and
         {Zinn}, Joel C. and {Zou}, Hu},
        title = "{The Fourteenth Data Release of the Sloan Digital Sky Survey: First Spectroscopic Data from the Extended Baryon Oscillation Spectroscopic Survey and from the Second Phase of the Apache Point Observatory Galactic Evolution Experiment}",
      journal = {\apjs},
     keywords = {atlases, catalogs, surveys, Astrophysics - Astrophysics of Galaxies, Astrophysics - Instrumentation and Methods for Astrophysics},
         year = 2018,
        month = apr,
       volume = {235},
       number = {2},
          eid = {42},
        pages = {42},
          doi = {10.3847/1538-4365/aa9e8a},
archivePrefix = {arXiv},
       eprint = {1707.09322},
 primaryClass = {astro-ph.GA},
       adsurl = {https://ui.adsabs.harvard.edu/abs/2018ApJS..235...42A},
      adsnote = {Provided by the SAO/NASA Astrophysics Data System}
}

% Adams et al. (2017) 
@ARTICLE{Adams2017,
       author = {{Adams}, S.~M. and {Kochanek}, C.~S. and {Gerke}, J.~R. and {Stanek}, K.~Z. and {Dai}, X.},
        title = "{The search for failed supernovae with the Large Binocular Telescope: confirmation of a disappearing star}",
      journal = {\mnras},
     keywords = {black hole physics, stars: massive, supernovae: individual: N6946-BH1, Astrophysics - Solar and Stellar Astrophysics, Astrophysics - Astrophysics of Galaxies, Astrophysics - High Energy Astrophysical Phenomena},
         year = 2017,
        month = jul,
       volume = {468},
       number = {4},
        pages = {4968-4981},
          doi = {10.1093/mnras/stx816},
archivePrefix = {arXiv},
       eprint = {1609.01283},
 primaryClass = {astro-ph.SR},
       adsurl = {https://ui.adsabs.harvard.edu/abs/2017MNRAS.468.4968A},
      adsnote = {Provided by the SAO/NASA Astrophysics Data System}
}

% Ahumada et al. (2020) SDSS DR16 paper 
@ARTICLE{Ahumada2020,
       author = {{Ahumada}, Romina and {Allende Prieto}, Carlos and
         {Almeida}, Andr{\'e}s and {Anders}, Friedrich and {Anderson}, Scott F. and
         {Andrews}, Brett H. and {Anguiano}, Borja and {Arcodia}, Riccardo and
         {Armengaud}, Eric and {Aubert}, Marie and {Avila}, Santiago and
         {Avila-Reese}, Vladimir and {Badenes}, Carles and {Balland
        }, Christophe and {Barger}, Kat and {Barrera-Ballesteros}, Jorge K. and
         {Basu}, Sarbani and {Bautista}, Julian and {Beaton}, Rachael L. and
         {Beers}, Timothy C. and {Benavides}, B. Izamar T. and
         {Bender}, Chad F. and {Bernardi}, Mariangela and {Bershady}, Matthew and
         {Beutler}, Florian and {Bidin}, Christian Moni and {Bird}, Jonathan and
         {Bizyaev}, Dmitry and {Blanc}, Guillermo A. and {Blanton}, Michael R. and
         {Boquien}, M{\'e}d{\'e}ric and {Borissova}, Jura and {Bovy}, Jo and {Brand
        t}, W.~N. and {Brinkmann}, Jonathan and {Brownstein}, Joel R. and
         {Bundy}, Kevin and {Bureau}, Martin and {Burgasser}, Adam and
         {Burtin}, Etienne and {Cano-D{\'\i}az}, Mariana and
         {Capasso}, Raffaella and {Cappellari}, Michele and {Carrera}, Ricardo and
         {Chabanier}, Sol{\`e}ne and {Chaplin}, William and {Chapman}, Michael and
         {Cherinka}, Brian and {Chiappini}, Cristina and {Doohyun Choi}, Peter and
         {Chojnowski}, S. Drew and {Chung}, Haeun and {Clerc}, Nicolas and
         {Coffey}, Damien and {Comerford}, Julia M. and {Comparat}, Johan and
         {da Costa}, Luiz and {Cousinou}, Marie-Claude and {Covey}, Kevin and
         {Crane}, Jeffrey D. and {Cunha}, Katia and {da Silva Ilha}, Gabriele and
         {Dai}, Yu Sophia and {Damsted}, Sanna B. and {Darling}, Jeremy and
         {Davidson}, James W., Jr. and {Davies}, Roger and {Dawson}, Kyle and
         {De}, Nikhil and {de la Macorra}, Axel and {De Lee}, Nathan and
         {de Andrade Queiroz}, Anna B{\'a}rbara and {Deconto Machado}, Alice and
         {de la Torre}, Sylvain and {Dell'Agli}, Flavia and
         {du Mas des Bourboux}, H{\'e}lion and {Diamond-Stanic}, Aleksandar M. and
         {Dillon}, Sean and {Donor}, John and {Drory}, Niv and
         {Duckworth}, Chris and {Dwelly}, Tom and {Ebelke}, Garrett and
         {Eftekharzadeh}, Sarah and {Eigenbrot}, Arthur Davis and
         {Elsworth}, Yvonne P. and {Eracleous}, Mike and
         {Erfanianfar}, Ghazaleh and {Escoffier}, Stephanie and {Fan}, Xiaohui and
         {Farr}, Emily and {Fern{\'a}ndez-Trincado}, Jos{\'e} G. and
         {Feuillet}, Diane and {Finoguenov}, Alexis and {Fofie}, Patricia and
         {Fraser-McKelvie}, Amelia and {Frinchaboy}, Peter M. and
         {Fromenteau}, Sebastien and {Fu}, Hai and {Galbany}, Llu{\'\i}s and
         {Garcia}, Rafael A. and {Garc{\'\i}a-Hern{\'a}ndez}, D.~A. and
         {Garma Oehmichen}, Luis Alberto and {Ge}, Junqiang and
         {Geimba Maia}, Marcio Antonio and {Geisler}, Doug and {Gelfand
        }, Joseph and {Goddy}, Julian and {Gonzalez-Perez}, Violeta and
         {Grabowski}, Kathleen and {Green}, Paul and {Grier}, Catherine J. and
         {Guo}, Hong and {Guy}, Julien and {Harding}, Paul and
         {Hasselquist}, Sten and {Hawken}, Adam James and {Hayes}, Christian R. and
         {Hearty}, Fred and {Hekker}, S. and {Hogg}, David W. and
         {Holtzman}, Jon A. and {Horta}, Danny and {Hou}, Jiamin and
         {Hsieh}, Bau-Ching and {Huber}, Daniel and {Hunt}, Jason A.~S. and
         {Ider Chitham}, J. and {Imig}, Julie and {Jaber}, Mariana and
         {Jimenez Angel}, Camilo Eduardo and {Johnson}, Jennifer A. and
         {Jones}, Amy M. and {J{\"o}nsson}, Henrik and {Jullo}, Eric and
         {Kim}, Yerim and {Kinemuchi}, Karen and {Kirkpatrick}, Charles C., IV and
         {Kite}, George W. and {Klaene}, Mark and {Kneib}, Jean-Paul and
         {Kollmeier}, Juna A. and {Kong}, Hui and {Kounkel}, Marina and
         {Krishnarao}, Dhanesh and {Lacerna}, Ivan and {Lan}, Ting-Wen and
         {Lane}, Richard R. and {Law}, David R. and {Le Goff}, Jean-Marc and
         {Leung}, Henry W. and {Lewis}, Hannah and {Li}, Cheng and
         {Lian}, Jianhui and {Lin}, Lihwai and {Long}, Dan and
         {Longa-Pe{\~n}a}, Pen{\'e}lope and {Lundgren}, Britt and
         {Lyke}, Brad W. and {Ted Mackereth}, J. and {MacLeod}, Chelsea L. and
         {Majewski}, Steven R. and {Manchado}, Arturo and {Maraston}, Claudia and
         {Martini}, Paul and {Masseron}, Thomas and {Masters}, Karen L. and
         {Mathur}, Savita and {McDermid}, Richard M. and {Merloni}, Andrea and
         {Merrifield}, Michael and {M{\'e}sz{\'a}ros}, Szabolcs and
         {Miglio}, Andrea and {Minniti}, Dante and {Minsley}, Rebecca and
         {Miyaji}, Takamitsu and {Mohammad}, Faizan Gohar and {Mosser}, Benoit and
         {Mueller}, Eva-Maria and {Muna}, Demitri and
         {Mu{\~n}oz-Guti{\'e}rrez}, Andrea and {Myers}, Adam D. and
         {Nadathur}, Seshadri and {Nair}, Preethi and {Nandra}, Kirpal and
         {do Nascimento}, Janaina Correa and {Nevin}, Rebecca Jean and
         {Newman}, Jeffrey A. and {Nidever}, David L. and
         {Nitschelm}, Christian and {Noterdaeme}, Pasquier and
         {O'Connell}, Julia E. and {Olmstead}, Matthew D. and {Oravetz}, Daniel and
         {Oravetz}, Audrey and {Osorio}, Yeisson and {Pace}, Zachary J. and
         {Padilla}, Nelson and {Palanque-Delabrouille}, Nathalie and
         {Palicio}, Pedro A. and {Pan}, Hsi-An and {Pan}, Kaike and
         {Parker}, James and {Paviot}, Romain and {Peirani}, Sebastien and
         {Pe{\~n}a Ram{\'r}ez}, Karla and {Penny}, Samantha and
         {Percival}, Will J. and {Perez-Fournon}, Ismael and
         {P{\'e}rez-R{\`a}fols}, Ignasi and {Petitjean}, Patrick and
         {Pieri}, Matthew M. and {Pinsonneault}, Marc and
         {Poovelil}, Vijith Jacob and {Povick}, Joshua Tyler and
         {Prakash}, Abhishek and {Price-Whelan}, Adrian M. and
         {Raddick}, M. Jordan and {Raichoor}, Anand and {Ray}, Amy and
         {Rembold}, Sandro Barboza and {Rezaie}, Mehdi and {Riffel}, Rogemar A. and
         {Riffel}, Rog{\'e}rio and {Rix}, Hans-Walter and {Robin}, Annie C. and
         {Roman-Lopes}, A. and {Rom{\'a}n-Z{\'u}{\~n}iga}, Carlos and
         {Rose}, Benjamin and {Ross}, Ashley J. and {Rossi}, Graziano and {Rowland
        s}, Kate and {Rubin}, Kate H.~R. and {Salvato}, Mara and
         {S{\'a}nchez}, Ariel G. and {S{\'a}nchez-Menguiano}, Laura and
         {S{\'a}nchez-Gallego}, Jos{\'e} R. and {Sayres}, Conor and
         {Schaefer}, Adam and {Schiavon}, Ricardo P. and
         {Schimoia}, Jaderson S. and {Schlafly}, Edward and {Schlegel}, David and
         {Schneider}, Donald P. and {Schultheis}, Mathias and {Schwope}, Axel and
         {Seo}, Hee-Jong and {Serenelli}, Aldo and {Shafieloo}, Arman and
         {Shamsi}, Shoaib Jamal and {Shao}, Zhengyi and {Shen}, Shiyin and
         {Shetrone}, Matthew and {Shirley}, Raphael and
         {Silva Aguirre}, V{\'\i}ctor and {Simon}, Joshua D. and
         {Skrutskie}, M.~F. and {Slosar}, An{\v{z}}e and {Smethurst}, Rebecca and
         {Sobeck}, Jennifer and {Sodi}, Bernardo Cervantes and {Souto}, Diogo and
         {Stark}, David V. and {Stassun}, Keivan G. and {Steinmetz}, Matthias and
         {Stello}, Dennis and {Stermer}, Julianna and
         {Storchi-Bergmann}, Thaisa and {Streblyanska}, Alina and
         {Stringfellow}, Guy S. and {Stutz}, Amelia and {Su{\'a}rez}, Genaro and
         {Sun}, Jing and {Taghizadeh-Popp}, Manuchehr and {Talbot}, Michael S. and
         {Tayar}, Jamie and {Thakar}, Aniruddha R. and {Theriault}, Riley and
         {Thomas}, Daniel and {Thomas}, Zak C. and {Tinker}, Jeremy and
         {Tojeiro}, Rita and {Toledo}, Hector Hernandez and
         {Tremonti}, Christy A. and {Troup}, Nicholas W. and {Tuttle}, Sarah and
         {Unda-Sanzana}, Eduardo and {Valentini}, Marica and
         {Vargas-Gonz{\'a}lez}, Jaime and {Vargas-Maga{\~n}a}, Mariana and
         {V{\'a}zquez-Mata}, Jose Antonio and {Vivek}, M. and {Wake}, David and
         {Wang}, Yuting and {Weaver}, Benjamin Alan and {Weijmans}, Anne-Marie and
         {Wild}, Vivienne and {Wilson}, John C. and {Wilson}, Robert F. and
         {Wolthuis}, Nathan and {Wood-Vasey}, W.~M. and {Yan}, Renbin and
         {Yang}, Meng and {Y{\`e}che}, Christophe and {Zamora}, Olga and
         {Zarrouk}, Pauline and {Zasowski}, Gail and {Zhang}, Kai and
         {Zhao}, Cheng and {Zhao}, Gongbo and {Zheng}, Zheng and {Zheng}, Zheng and
         {Zhu}, Guangtun and {Zou}, Hu},
        title = "{The 16th Data Release of the Sloan Digital Sky Surveys: First Release from the APOGEE-2 Southern Survey and Full Release of eBOSS Spectra}",
      journal = {\apjs},
     keywords = {Astronomy databases, Optical telescopes, Infrared astronomy, Redshift surveys, Galactic abundances, Stellar spectral lines, Stellar properties, 786, 2002, 1630, 83, 1624, 1174, 1378, Astrophysics - Astrophysics of Galaxies, Astrophysics - Cosmology and Nongalactic Astrophysics, Astrophysics - Instrumentation and Methods for Astrophysics},
         year = 2020,
        month = jul,
       volume = {249},
       number = {1},
          eid = {3},
        pages = {3},
          doi = {10.3847/1538-4365/ab929e},
archivePrefix = {arXiv},
       eprint = {1912.02905},
 primaryClass = {astro-ph.GA},
       adsurl = {https://ui.adsabs.harvard.edu/abs/2020ApJS..249....3A},
      adsnote = {Provided by the SAO/NASA Astrophysics Data System}
}

% Andrews et al. (2017)
@ARTICLE{Andrews2017,
   author = {{Andrews}, B.~H. and {Weinberg}, D.~H. and {Sch{\"o}nrich}, R. and 
	{Johnson}, J.~A.},
    title = "{Inflow, Outflow, Yields, and Stellar Population Mixing in Chemical Evolution Models}",
  journal = {\apj},
archivePrefix = "arXiv",
   eprint = {1604.08613},
 keywords = {galaxies: ISM, Galaxy: evolution, Galaxy: formation, Galaxy: general, Galaxy: stellar content, stars: abundances},
     year = 2017,
    month = feb,
   volume = 835,
      eid = {224},
    pages = {224},
      doi = {10.3847/1538-4357/835/2/224},
   adsurl = {http://adsabs.harvard.edu/abs/2017ApJ...835..224A},
  adsnote = {Provided by the SAO/NASA Astrophysics Data System}
}

% Asplund et al. (2009) 
@ARTICLE{Asplund2009,
       author = {{Asplund}, Martin and {Grevesse}, Nicolas and {Sauval}, A. Jacques and
         {Scott}, Pat},
        title = "{The Chemical Composition of the Sun}",
      journal = {\araa},
     keywords = {Astrophysics - Solar and Stellar Astrophysics, Astrophysics - Earth and Planetary Astrophysics},
         year = 2009,
        month = sep,
       volume = {47},
       number = {1},
        pages = {481-522},
          doi = {10.1146/annurev.astro.46.060407.145222},
archivePrefix = {arXiv},
       eprint = {0909.0948},
 primaryClass = {astro-ph.SR},
       adsurl = {https://ui.adsabs.harvard.edu/abs/2009ARA&A..47..481A},
      adsnote = {Provided by the SAO/NASA Astrophysics Data System}
}

% Astropy Collaboration et al. (2013) 
@ARTICLE{Astropy2013,
       author = {{Astropy Collaboration} and {Robitaille}, Thomas P. and {Tollerud}, Erik J. and {Greenfield}, Perry and {Droettboom}, Michael and {Bray}, Erik and {Aldcroft}, Tom and {Davis}, Matt and {Ginsburg}, Adam and {Price-Whelan}, Adrian M. and {Kerzendorf}, Wolfgang E. and {Conley}, Alexander and {Crighton}, Neil and {Barbary}, Kyle and {Muna}, Demitri and {Ferguson}, Henry and {Grollier}, Fr{\'e}d{\'e}ric and {Parikh}, Madhura M. and {Nair}, Prasanth H. and {Unther}, Hans M. and {Deil}, Christoph and {Woillez}, Julien and {Conseil}, Simon and {Kramer}, Roban and {Turner}, James E.~H. and {Singer}, Leo and {Fox}, Ryan and {Weaver}, Benjamin A. and {Zabalza}, Victor and {Edwards}, Zachary I. and {Azalee Bostroem}, K. and {Burke}, D.~J. and {Casey}, Andrew R. and {Crawford}, Steven M. and {Dencheva}, Nadia and {Ely}, Justin and {Jenness}, Tim and {Labrie}, Kathleen and {Lim}, Pey Lian and {Pierfederici}, Francesco and {Pontzen}, Andrew and {Ptak}, Andy and {Refsdal}, Brian and {Servillat}, Mathieu and {Streicher}, Ole},
        title = "{Astropy: A community Python package for astronomy}",
      journal = {\aap},
     keywords = {methods: data analysis, methods: miscellaneous, virtual observatory tools, Astrophysics - Instrumentation and Methods for Astrophysics},
         year = 2013,
        month = oct,
       volume = {558},
          eid = {A33},
        pages = {A33},
          doi = {10.1051/0004-6361/201322068},
archivePrefix = {arXiv},
       eprint = {1307.6212},
 primaryClass = {astro-ph.IM},
       adsurl = {https://ui.adsabs.harvard.edu/abs/2013A&A...558A..33A},
      adsnote = {Provided by the SAO/NASA Astrophysics Data System}
}

% Astropy Collaboration et al. (2018) 
@ARTICLE{Astropy2018,
       author = {{Astropy Collaboration} and {Price-Whelan}, A.~M. and {Sip{\H{o}}cz}, B.~M. and {G{\"u}nther}, H.~M. and {Lim}, P.~L. and {Crawford}, S.~M. and {Conseil}, S. and {Shupe}, D.~L. and {Craig}, M.~W. and {Dencheva}, N. and {Ginsburg}, A. and {VanderPlas}, J.~T. and {Bradley}, L.~D. and {P{\'e}rez-Su{\'a}rez}, D. and {de Val-Borro}, M. and {Aldcroft}, T.~L. and {Cruz}, K.~L. and {Robitaille}, T.~P. and {Tollerud}, E.~J. and {Ardelean}, C. and {Babej}, T. and {Bach}, Y.~P. and {Bachetti}, M. and {Bakanov}, A.~V. and {Bamford}, S.~P. and {Barentsen}, G. and {Barmby}, P. and {Baumbach}, A. and {Berry}, K.~L. and {Biscani}, F. and {Boquien}, M. and {Bostroem}, K.~A. and {Bouma}, L.~G. and {Brammer}, G.~B. and {Bray}, E.~M. and {Breytenbach}, H. and {Buddelmeijer}, H. and {Burke}, D.~J. and {Calderone}, G. and {Cano Rodr{\'\i}guez}, J.~L. and {Cara}, M. and {Cardoso}, J.~V.~M. and {Cheedella}, S. and {Copin}, Y. and {Corrales}, L. and {Crichton}, D. and {D'Avella}, D. and {Deil}, C. and {Depagne}, {\'E}. and {Dietrich}, J.~P. and {Donath}, A. and {Droettboom}, M. and {Earl}, N. and {Erben}, T. and {Fabbro}, S. and {Ferreira}, L.~A. and {Finethy}, T. and {Fox}, R.~T. and {Garrison}, L.~H. and {Gibbons}, S.~L.~J. and {Goldstein}, D.~A. and {Gommers}, R. and {Greco}, J.~P. and {Greenfield}, P. and {Groener}, A.~M. and {Grollier}, F. and {Hagen}, A. and {Hirst}, P. and {Homeier}, D. and {Horton}, A.~J. and {Hosseinzadeh}, G. and {Hu}, L. and {Hunkeler}, J.~S. and {Ivezi{\'c}}, {\v{Z}}. and {Jain}, A. and {Jenness}, T. and {Kanarek}, G. and {Kendrew}, S. and {Kern}, N.~S. and {Kerzendorf}, W.~E. and {Khvalko}, A. and {King}, J. and {Kirkby}, D. and {Kulkarni}, A.~M. and {Kumar}, A. and {Lee}, A. and {Lenz}, D. and {Littlefair}, S.~P. and {Ma}, Z. and {Macleod}, D.~M. and {Mastropietro}, M. and {McCully}, C. and {Montagnac}, S. and {Morris}, B.~M. and {Mueller}, M. and {Mumford}, S.~J. and {Muna}, D. and {Murphy}, N.~A. and {Nelson}, S. and {Nguyen}, G.~H. and {Ninan}, J.~P. and {N{\"o}the}, M. and {Ogaz}, S. and {Oh}, S. and {Parejko}, J.~K. and {Parley}, N. and {Pascual}, S. and {Patil}, R. and {Patil}, A.~A. and {Plunkett}, A.~L. and {Prochaska}, J.~X. and {Rastogi}, T. and {Reddy Janga}, V. and {Sabater}, J. and {Sakurikar}, P. and {Seifert}, M. and {Sherbert}, L.~E. and {Sherwood-Taylor}, H. and {Shih}, A.~Y. and {Sick}, J. and {Silbiger}, M.~T. and {Singanamalla}, S. and {Singer}, L.~P. and {Sladen}, P.~H. and {Sooley}, K.~A. and {Sornarajah}, S. and {Streicher}, O. and {Teuben}, P. and {Thomas}, S.~W. and {Tremblay}, G.~R. and {Turner}, J.~E.~H. and {Terr{\'o}n}, V. and {van Kerkwijk}, M.~H. and {de la Vega}, A. and {Watkins}, L.~L. and {Weaver}, B.~A. and {Whitmore}, J.~B. and {Woillez}, J. and {Zabalza}, V. and {Astropy Contributors}},
        title = "{The Astropy Project: Building an Open-science Project and Status of the v2.0 Core Package}",
      journal = {\aj},
     keywords = {methods: data analysis, methods: miscellaneous, methods: statistical, reference systems, Astrophysics - Instrumentation and Methods for Astrophysics},
         year = 2018,
        month = sep,
       volume = {156},
       number = {3},
          eid = {123},
        pages = {123},
          doi = {10.3847/1538-3881/aabc4f},
archivePrefix = {arXiv},
       eprint = {1801.02634},
 primaryClass = {astro-ph.IM},
       adsurl = {https://ui.adsabs.harvard.edu/abs/2018AJ....156..123A},
      adsnote = {Provided by the SAO/NASA Astrophysics Data System}
}

% Basinger et al. (2020) 
@ARTICLE{Basinger2020,
       author = {{Basinger}, C.~M. and {Kochanek}, C.~S. and {Adams}, S.~M. and {Dai}, X. and {Stanek}, K.~Z.},
        title = "{The Search for Failed Supernovae with the Large Binocular Telescope: N6946-BH1, Still No Star}",
      journal = {arXiv e-prints},
     keywords = {Astrophysics - Solar and Stellar Astrophysics, Astrophysics - Astrophysics of Galaxies, Astrophysics - High Energy Astrophysical Phenomena},
         year = 2020,
        month = jul,
          eid = {arXiv:2007.15658},
        pages = {arXiv:2007.15658},
archivePrefix = {arXiv},
       eprint = {2007.15658},
 primaryClass = {astro-ph.SR},
       adsurl = {https://ui.adsabs.harvard.edu/abs/2020arXiv200715658B},
      adsnote = {Provided by the SAO/NASA Astrophysics Data System}
}

% Berg et al. (2015) 
@ARTICLE{Berg2015,
       author = {{Berg}, Danielle A. and {Skillman}, Evan D. and {Croxall}, Kevin V. and {Pogge}, Richard W. and {Moustakas}, John and {Johnson-Groh}, Mara},
        title = "{CHAOS I. Direct Chemical Abundances for H II Regions in NGC 628}",
      journal = {\apj},
     keywords = {galaxies: abundances, galaxies: evolution, galaxies: individual: NGC 628, galaxies: ISM, galaxies: spiral, ISM: lines and bands, Astrophysics - Astrophysics of Galaxies},
         year = 2015,
        month = jun,
       volume = {806},
       number = {1},
          eid = {16},
        pages = {16},
          doi = {10.1088/0004-637X/806/1/16},
archivePrefix = {arXiv},
       eprint = {1501.02270},
 primaryClass = {astro-ph.GA},
       adsurl = {https://ui.adsabs.harvard.edu/abs/2015ApJ...806...16B},
      adsnote = {Provided by the SAO/NASA Astrophysics Data System}
}

% Berg et al. (2020) 
@ARTICLE{Berg2020,
       author = {{Berg}, Danielle A. and {Pogge}, Richard W. and {Skillman}, Evan D. and {Croxall}, Kevin V. and {Moustakas}, John and {Rogers}, Noah S.~J. and {Sun}, Jiayi},
        title = "{CHAOS IV: Gas-phase Abundance Trends from the First Four CHAOS Galaxies}",
      journal = {\apj},
     keywords = {224, 574, 832, 1031, 1560, 580, 594, 847, Astrophysics - Astrophysics of Galaxies},
         year = 2020,
        month = apr,
       volume = {893},
       number = {2},
          eid = {96},
        pages = {96},
          doi = {10.3847/1538-4357/ab7eab},
archivePrefix = {arXiv},
       eprint = {2001.05002},
 primaryClass = {astro-ph.GA},
       adsurl = {https://ui.adsabs.harvard.edu/abs/2020ApJ...893...96B},
      adsnote = {Provided by the SAO/NASA Astrophysics Data System}
}

% Bigiel et al. (2008) 
@ARTICLE{Bigiel2008,
       author = {{Bigiel}, F. and {Leroy}, A. and {Walter}, F. and {Brinks}, E. and
         {de Blok}, W.~J.~G. and {Madore}, B. and {Thornley}, M.~D.},
        title = "{The Star Formation Law in Nearby Galaxies on Sub-Kpc Scales}",
      journal = {\aj},
     keywords = {galaxies: evolution, galaxies: ISM, radio lines: galaxies, radio lines: ISM, Astrophysics},
         year = 2008,
        month = dec,
       volume = {136},
       number = {6},
        pages = {2846-2871},
          doi = {10.1088/0004-6256/136/6/2846},
archivePrefix = {arXiv},
       eprint = {0810.2541},
 primaryClass = {astro-ph},
       adsurl = {https://ui.adsabs.harvard.edu/abs/2008AJ....136.2846B},
      adsnote = {Provided by the SAO/NASA Astrophysics Data System}
}

% Bigiel et al. (2010) 
@ARTICLE{Bigiel2010,
       author = {{Bigiel}, F. and {Leroy}, A. and {Walter}, F. and {Blitz}, L. and
         {Brinks}, E. and {de Blok}, W.~J.~G. and {Madore}, B.},
        title = "{Extremely Inefficient Star Formation in the Outer Disks of Nearby Galaxies}",
      journal = {\aj},
     keywords = {galaxies: evolution, galaxies: ISM, radio lines: galaxies, stars: formation, Astrophysics - Cosmology and Nongalactic Astrophysics, Astrophysics - Astrophysics of Galaxies},
         year = 2010,
        month = nov,
       volume = {140},
       number = {5},
        pages = {1194-1213},
          doi = {10.1088/0004-6256/140/5/1194},
archivePrefix = {arXiv},
       eprint = {1007.3498},
 primaryClass = {astro-ph.CO},
       adsurl = {https://ui.adsabs.harvard.edu/abs/2010AJ....140.1194B},
      adsnote = {Provided by the SAO/NASA Astrophysics Data System}
}

% Bird et al. (2020) 
@ARTICLE{Bird2020,
       author = {{Bird}, Jonathan C. and {Loebman}, Sarah R. and {Weinberg}, David H. and
         {Brooks}, Alyson and {Quinn}, Thomas R. and {Christensen}, Charlotte R.},
        title = "{Inside Out and Upside-Down: The Roles of Gas Cooling and Dynamical Heating in Shaping the Stellar Age-Velocity Relation}",
      journal = {arXiv e-prints},
     keywords = {Astrophysics - Astrophysics of Galaxies},
         year = 2020,
        month = may,
          eid = {arXiv:2005.12948},
        pages = {arXiv:2005.12948},
archivePrefix = {arXiv},
       eprint = {2005.12948},
 primaryClass = {astro-ph.GA},
       adsurl = {https://ui.adsabs.harvard.edu/abs/2020arXiv200512948B},
      adsnote = {Provided by the SAO/NASA Astrophysics Data System}
}

% Bland-Hawthorn & Gerhard (2016) 
@ARTICLE{Bland-Hawthorn2016,
       author = {{Bland-Hawthorn}, Joss and {Gerhard}, Ortwin},
        title = "{The Galaxy in Context: Structural, Kinematic, and Integrated Properties}",
      journal = {\araa},
     keywords = {Astrophysics - Astrophysics of Galaxies},
         year = 2016,
        month = sep,
       volume = {54},
        pages = {529-596},
          doi = {10.1146/annurev-astro-081915-023441},
archivePrefix = {arXiv},
       eprint = {1602.07702},
 primaryClass = {astro-ph.GA},
       adsurl = {https://ui.adsabs.harvard.edu/abs/2016ARA&A..54..529B},
      adsnote = {Provided by the SAO/NASA Astrophysics Data System}
}

% Brooks & Zolotov (2014) 
@ARTICLE{Brooks2014,
       author = {{Brooks}, Alyson M. and {Zolotov}, Adi},
        title = "{Why Baryons Matter: The Kinematics of Dwarf Spheroidal Satellites}",
      journal = {\apj},
     keywords = {galaxies: dwarf, galaxies: evolution, galaxies: interactions, galaxies: kinematics and dynamics, Astrophysics - Cosmology and Nongalactic Astrophysics},
         year = 2014,
        month = may,
       volume = {786},
       number = {2},
          eid = {87},
        pages = {87},
          doi = {10.1088/0004-637X/786/2/87},
archivePrefix = {arXiv},
       eprint = {1207.2468},
 primaryClass = {astro-ph.CO},
       adsurl = {https://ui.adsabs.harvard.edu/abs/2014ApJ...786...87B},
      adsnote = {Provided by the SAO/NASA Astrophysics Data System}
}

% Brown et al. (2019) 
@ARTICLE{Brown2019,
       author = {{Brown}, J.~S. and {Stanek}, K.~Z. and {Holoien}, T.~W. -S. and {Kochanek}, C.~S. and {Shappee}, B.~J. and {Prieto}, J.~L. and {Dong}, S. and {Chen}, P. and {Thompson}, Todd A. and {Beacom}, J.~F. and {Stritzinger}, M.~D. and {Bersier}, D. and {Brimacombe}, J.},
        title = "{The relative specific Type Ia supernovae rate from three years of ASAS-SN}",
      journal = {\mnras},
     keywords = {catalogues, supernovae: general, galaxies: general, Astrophysics - Astrophysics of Galaxies, Astrophysics - High Energy Astrophysical Phenomena},
         year = 2019,
        month = apr,
       volume = {484},
       number = {3},
        pages = {3785-3796},
          doi = {10.1093/mnras/stz258},
archivePrefix = {arXiv},
       eprint = {1810.00011},
 primaryClass = {astro-ph.GA},
       adsurl = {https://ui.adsabs.harvard.edu/abs/2019MNRAS.484.3785B},
      adsnote = {Provided by the SAO/NASA Astrophysics Data System}
}

% Buck et al. (2020) 
@ARTICLE{Buck2020a,
       author = {{Buck}, Tobias and {Obreja}, Aura and {Macci{\`o}}, Andrea V. and
         {Minchev}, Ivan and {Dutton}, Aaron A. and {Ostriker}, Jeremiah P.},
        title = "{NIHAO-UHD: the properties of MW-like stellar discs in high-resolution cosmological simulations}",
      journal = {\mnras},
     keywords = {methods: numerical, galaxies: formation, galaxies: kinematics and dynamics, Galaxy: disc, Galaxy: evolution, Galaxy: structure, Astrophysics - Astrophysics of Galaxies},
         year = 2020,
        month = jan,
       volume = {491},
       number = {3},
        pages = {3461-3478},
          doi = {10.1093/mnras/stz3241},
archivePrefix = {arXiv},
       eprint = {1909.05864},
 primaryClass = {astro-ph.GA},
       adsurl = {https://ui.adsabs.harvard.edu/abs/2020MNRAS.491.3461B},
      adsnote = {Provided by the SAO/NASA Astrophysics Data System}
}

% Buck (2020) 
@ARTICLE{Buck2020b, 
       author = {{Buck}, Tobias},
        title = "{On the origin of the chemical bimodality of disc stars: a tale of merger and migration}",
      journal = {\mnras},
     keywords = {methods: numerical, Galaxy: disc, Galaxy: structure, galaxies: evolution, galaxies: formation, galaxies: kinematics and dynamics, Astrophysics - Astrophysics of Galaxies, Astrophysics - Solar and Stellar Astrophysics},
         year = 2020,
        month = feb,
       volume = {491},
       number = {4},
        pages = {5435-5446},
          doi = {10.1093/mnras/stz3289},
archivePrefix = {arXiv},
       eprint = {1909.09162},
 primaryClass = {astro-ph.GA},
       adsurl = {https://ui.adsabs.harvard.edu/abs/2020MNRAS.491.5435B},
      adsnote = {Provided by the SAO/NASA Astrophysics Data System}
}

% Chiappini, Matteucci & Gratton (1997) 
@ARTICLE{Chiappini1997,
       author = {{Chiappini}, C. and {Matteucci}, F. and {Gratton}, R.},
        title = "{The Chemical Evolution of the Galaxy: The Two-Infall Model}",
      journal = {\apj},
     keywords = {ISM: individual (HH 1-2), ISM: Jets and Outflows, ISM: Molecules, ISM: Structure, Stars: Formation, Astrophysics},
         year = 1997,
        month = mar,
       volume = {477},
       number = {2},
        pages = {765-780},
          doi = {10.1086/303726},
archivePrefix = {arXiv},
       eprint = {astro-ph/9609199},
 primaryClass = {astro-ph},
       adsurl = {https://ui.adsabs.harvard.edu/abs/1997ApJ...477..765C},
      adsnote = {Provided by the SAO/NASA Astrophysics Data System}
}

% Chiappini, Matteucci & Romano (2001) 
@ARTICLE{Chiappini2001,
       author = {{Chiappini}, Cristina and {Matteucci}, Francesca and {Romano}, Donatella},
        title = "{Abundance Gradients and the Formation of the Milky Way}",
      journal = {\apj},
     keywords = {Galaxy: Abundances, Galaxy: Evolution, Galaxy: Formation, Astrophysics},
         year = 2001,
        month = jun,
       volume = {554},
       number = {2},
        pages = {1044-1058},
          doi = {10.1086/321427},
archivePrefix = {arXiv},
       eprint = {astro-ph/0102134},
 primaryClass = {astro-ph},
       adsurl = {https://ui.adsabs.harvard.edu/abs/2001ApJ...554.1044C},
      adsnote = {Provided by the SAO/NASA Astrophysics Data System}
}

% Chiappini et al. (2015) 
@ARTICLE{Chiappini2015,
       author = {{Chiappini}, C. and {Anders}, F. and {Rodrigues}, T.~S. and {Miglio}, A. and {Montalb{\'a}n}, J. and {Mosser}, B. and {Girardi}, L. and {Valentini}, M. and {Noels}, A. and {Morel}, T. and {Minchev}, I. and {Steinmetz}, M. and {Santiago}, B.~X. and {Schultheis}, M. and {Martig}, M. and {da Costa}, L.~N. and {Maia}, M.~A.~G. and {Allende Prieto}, C. and {de Assis Peralta}, R. and {Hekker}, S. and {Theme{\ss}l}, N. and {Kallinger}, T. and {Garc{\'\i}a}, R.~A. and {Mathur}, S. and {Baudin}, F. and {Beers}, T.~C. and {Cunha}, K. and {Harding}, P. and {Holtzman}, J. and {Majewski}, S. and {M{\'e}sz{\'a}ros}, Sz. and {Nidever}, D. and {Pan}, K. and {Schiavon}, R.~P. and {Shetrone}, M.~D. and {Schneider}, D.~P. and {Stassun}, K.},
        title = "{Young [{\ensuremath{\alpha}}/Fe]-enhanced stars discovered by CoRoT and APOGEE: What is their origin?}",
      journal = {\aap},
     keywords = {Galaxy: abundances, Galaxy: disk, Galaxy: formation, Galaxy: stellar content, stars: fundamental parameters, asteroseismology, Astrophysics - Solar and Stellar Astrophysics, Astrophysics - Astrophysics of Galaxies},
         year = 2015,
        month = apr,
       volume = {576},
          eid = {L12},
        pages = {L12},
          doi = {10.1051/0004-6361/201525865},
archivePrefix = {arXiv},
       eprint = {1503.06990},
 primaryClass = {astro-ph.SR},
       adsurl = {https://ui.adsabs.harvard.edu/abs/2015A&A...576L..12C},
      adsnote = {Provided by the SAO/NASA Astrophysics Data System}
}

% Chisholm, Tremonti & Leitherer (2018) 
@ARTICLE{Chisholm2018,
       author = {{Chisholm}, J. and {Tremonti}, C. and {Leitherer}, C.},
        title = "{Metal-enriched galactic outflows shape the mass-metallicity relationship}",
      journal = {\mnras},
     keywords = {ISM: jets and outflows, galaxies: evolution, galaxies: formation, ultraviolet: ISM, Astrophysics - Astrophysics of Galaxies},
         year = 2018,
        month = dec,
       volume = {481},
       number = {2},
        pages = {1690-1706},
          doi = {10.1093/mnras/sty2380},
archivePrefix = {arXiv},
       eprint = {1808.10453},
 primaryClass = {astro-ph.GA},
       adsurl = {https://ui.adsabs.harvard.edu/abs/2018MNRAS.481.1690C},
      adsnote = {Provided by the SAO/NASA Astrophysics Data System}
}

% Christensen et al. (2012)
@ARTICLE{Christensen2012,
       author = {{Christensen}, Charlotte and {Quinn}, Thomas and {Governato}, Fabio and
         {Stilp}, Adrienne and {Shen}, Sijing and {Wadsley}, James},
        title = "{Implementing molecular hydrogen in hydrodynamic simulations of galaxy formation}",
      journal = {\mnras},
     keywords = {hydrodynamics, stars: formation, ISM: molecules, galaxies: dwarf, galaxies: evolution, Astrophysics - Cosmology and Nongalactic Astrophysics},
         year = 2012,
        month = oct,
       volume = {425},
       number = {4},
        pages = {3058-3076},
          doi = {10.1111/j.1365-2966.2012.21628.x},
archivePrefix = {arXiv},
       eprint = {1205.5567},
 primaryClass = {astro-ph.CO},
       adsurl = {https://ui.adsabs.harvard.edu/abs/2012MNRAS.425.3058C},
      adsnote = {Provided by the SAO/NASA Astrophysics Data System}
}

% Clarke et al. (2019) 
@ARTICLE{Clarke2019,
       author = {{Clarke}, Adam J. and {Debattista}, Victor P. and {Nidever}, David L. and
         {Loebman}, Sarah R. and {Simons}, Raymond C. and {Kassin}, Susan and
         {Du}, Min and {Ness}, Melissa and {Fisher}, Deanne B. and
         {Quinn}, Thomas R. and {Wadsley}, James and {Freeman}, Ken C. and
         {Popescu}, Cristina C.},
        title = "{The imprint of clump formation at high redshift - I. A disc {\ensuremath{\alpha}}-abundance dichotomy}",
      journal = {\mnras},
     keywords = {Galaxy: abundances, Galaxy: disc, Galaxy: evolution, Galaxy: formation, Galaxy: structure, Astrophysics - Astrophysics of Galaxies},
         year = 2019,
        month = apr,
       volume = {484},
       number = {3},
        pages = {3476-3490},
          doi = {10.1093/mnras/stz104},
archivePrefix = {arXiv},
       eprint = {1901.00931},
 primaryClass = {astro-ph.GA},
       adsurl = {https://ui.adsabs.harvard.edu/abs/2019MNRAS.484.3476C},
      adsnote = {Provided by the SAO/NASA Astrophysics Data System}
}

% Cristallo et al. (2011) 
@ARTICLE{Cristallo2011,
       author = {{Cristallo}, S. and {Piersanti}, L. and {Straniero}, O. and
         {Gallino}, R. and {Dom{\'\i}nguez}, I. and {Abia}, C. and
         {Di Rico}, G. and {Quintini}, M. and {Bisterzo}, S.},
        title = "{Evolution, Nucleosynthesis, and Yields of Low-mass Asymptotic Giant Branch Stars at Different Metallicities. II. The FRUITY Database}",
      journal = {\apjs},
     keywords = {nuclear reactions, nucleosynthesis, abundances, stars: AGB and post-AGB, Astrophysics - Solar and Stellar Astrophysics},
         year = 2011,
        month = dec,
       volume = {197},
       number = {2},
          eid = {17},
        pages = {17},
          doi = {10.1088/0067-0049/197/2/17},
archivePrefix = {arXiv},
       eprint = {1109.1176},
 primaryClass = {astro-ph.SR},
       adsurl = {https://ui.adsabs.harvard.edu/abs/2011ApJS..197...17C},
      adsnote = {Provided by the SAO/NASA Astrophysics Data System}
}

% Daflon et al. (2009) 
@ARTICLE{Daflon2009,
       author = {{Daflon}, Simone and {Cunha}, Katia and {de la Reza}, Ramiro and
         {Holtzman}, Jon and {Chiappini}, Cristina},
        title = "{Sulfur Abundances in the Orion Association B Stars}",
      journal = {\aj},
     keywords = {open clusters and associations: individual: Ori OB1, stars: abundances, stars: early-type, Astrophysics - Solar and Stellar Astrophysics},
         year = 2009,
        month = dec,
       volume = {138},
       number = {6},
        pages = {1577-1583},
          doi = {10.1088/0004-6256/138/6/1577},
archivePrefix = {arXiv},
       eprint = {0909.1632},
 primaryClass = {astro-ph.SR},
       adsurl = {https://ui.adsabs.harvard.edu/abs/2009AJ....138.1577D},
      adsnote = {Provided by the SAO/NASA Astrophysics Data System}
}

% Dalcanton (2007) 
@ARTICLE{Dalcanton2007,
       author = {{Dalcanton}, Julianne J.},
        title = "{The Metallicity of Galaxy Disks: Infall versus Outflow}",
      journal = {\apj},
     keywords = {Galaxies: Abundances, Galaxies: Evolution, Galaxies: Formation, Galaxies: ISM, ISM: Evolution, Astrophysics},
         year = 2007,
        month = apr,
       volume = {658},
       number = {2},
        pages = {941-959},
          doi = {10.1086/508913},
archivePrefix = {arXiv},
       eprint = {astro-ph/0608590},
 primaryClass = {astro-ph},
       adsurl = {https://ui.adsabs.harvard.edu/abs/2007ApJ...658..941D},
      adsnote = {Provided by the SAO/NASA Astrophysics Data System}
}

% de los Reyes & Kennicutt (2019) 
@ARTICLE{delosReyes2019,
       author = {{\noopsort{Delosreyes}{de los Reyes}}, Mithi A.~C. and {Kennicutt}, Robert C., Jr.},
        title = "{Revisiting the Integrated Star Formation Law. I. Non-starbursting Galaxies}",
      journal = {\apj},
     keywords = {galaxies: dwarf, galaxies: spiral, galaxies: star formation, Astrophysics - Astrophysics of Galaxies},
         year = 2019,
        month = feb,
       volume = {872},
       number = {1},
          eid = {16},
        pages = {16},
          doi = {10.3847/1538-4357/aafa82},
archivePrefix = {arXiv},
       eprint = {1901.01283},
 primaryClass = {astro-ph.GA},
       adsurl = {https://ui.adsabs.harvard.edu/abs/2019ApJ...872...16D},
      adsnote = {Provided by the SAO/NASA Astrophysics Data System}
}

% Edvardsson et al. (1993) 
@ARTICLE{Edvardsson1993,
       author = {{Edvardsson}, B. and {Andersen}, J. and {Gustafsson}, B. and
         {Lambert}, D.~L. and {Nissen}, P.~E. and {Tomkin}, J.},
        title = "{The chemical evolution of the galactic disk. I. Analysis and results.}",
      journal = {\aap},
         year = "1993",
        month = "Aug",
       volume = {500},
        pages = {391-442},
       adsurl = {https://ui.adsabs.harvard.edu/abs/1993A&A...275..101E},
      adsnote = {Provided by the SAO/NASA Astrophysics Data System}
}

% Ellison et al. (2020a) 
@ARTICLE{Ellison2020a,
       author = {{Ellison}, Sara L. and {Lin}, Lihwai and {Thorp}, Mallory D. and {Pan}, Hsi-An and {Sanchez}, Sebastian F. and {Bluck}, Asa F.~L. and {Belfiore}, Francesco},
        title = "{The ALMaQUEST Survey: VI. The molecular gas main sequence of `retired' regions in galaxies}",
      journal = {arXiv e-prints},
     keywords = {Astrophysics - Astrophysics of Galaxies},
         year = 2020,
        month = dec,
          eid = {arXiv:2012.04772},
        pages = {arXiv:2012.04772},
archivePrefix = {arXiv},
       eprint = {2012.04772},
 primaryClass = {astro-ph.GA},
       adsurl = {https://ui.adsabs.harvard.edu/abs/2020arXiv201204772E},
      adsnote = {Provided by the SAO/NASA Astrophysics Data System}
}

% Ellison et al. (2020b) 
@ARTICLE{Ellison2020b,
       author = {{Ellison}, Sara L. and {Lin}, Lihwai and {Thorp}, Mallory D. and {Pan}, Hsi-An and {Scudder}, Jillian M. and {Sanchez}, Sebastian F. and {Bluck}, Asa F.~L. and {Maiolino}, Roberto},
        title = "{The ALMaQUEST Survey: V. The non-universality of kpc-scale star formation relations and the factors that drive them}",
      journal = {arXiv e-prints},
     keywords = {Astrophysics - Astrophysics of Galaxies},
         year = 2020,
        month = dec,
          eid = {arXiv:2012.04771},
        pages = {arXiv:2012.04771},
archivePrefix = {arXiv},
       eprint = {2012.04771},
 primaryClass = {astro-ph.GA},
       adsurl = {https://ui.adsabs.harvard.edu/abs/2020arXiv201204771E},
      adsnote = {Provided by the SAO/NASA Astrophysics Data System}
}

% Feuillet et al. (2018) 
@ARTICLE{Feuillet2018,
       author = {{Feuillet}, Diane K. and {Bovy}, Jo and {Holtzman}, Jon and
         {Weinberg}, David H. and {Garc{\'\i}a-Hern{\'a}ndez}, D. and
         {Hearty}, Fred R. and {Majewski}, Steven R. and {Roman-Lopes}, Alexand
        re and {Rybizki}, Jan and {Zamora}, Olga},
        title = "{Age-resolved chemistry of red giants in the solar neighbourhood}",
      journal = {Monthly Notices of the Royal Astronomical Society},
     keywords = {Galaxy: abundances, Galaxy: evolution, solar neighbourhood, Galaxy: stellar content, Astrophysics - Astrophysics of Galaxies},
         year = "2018",
        month = "Jun",
       volume = {477},
       number = {2},
        pages = {2326-2348},
          doi = {10.1093/mnras/sty779},
archivePrefix = {arXiv},
       eprint = {1803.06352},
 primaryClass = {astro-ph.GA},
       adsurl = {https://ui.adsabs.harvard.edu/abs/2018MNRAS.477.2326F},
      adsnote = {Provided by the SAO/NASA Astrophysics Data System}
}

% Feuillet et al. (2019) 
@ARTICLE{Feuillet2019,
       author = {{Feuillet}, Diane K. and {Frankel}, Neige and {Lind}, Karin and
         {Frinchaboy}, Peter M. and {Garc{\'\i}a-Hern{\'a}ndez}, D.~A. and
         {Lane}, Richard R. and {Nitschelm}, Christian and {Roman-Lopes}, Alexand
        re},
        title = "{Spatial variations in the Milky Way disc metallicity-age relation}",
      journal = {\mnras},
     keywords = {Galaxy: abundances, Galaxy: disc, Galaxy: evolution, Galaxy: stellar content, Astrophysics - Astrophysics of Galaxies, Astrophysics - Solar and Stellar Astrophysics},
         year = "2019",
        month = "Oct",
       volume = {489},
       number = {2},
        pages = {1742-1752},
          doi = {10.1093/mnras/stz2221},
archivePrefix = {arXiv},
       eprint = {1908.02772},
 primaryClass = {astro-ph.GA},
       adsurl = {https://ui.adsabs.harvard.edu/abs/2019MNRAS.489.1742F},
      adsnote = {Provided by the SAO/NASA Astrophysics Data System}
}

% Fraternali & Tomassetti (2012) 
@ARTICLE{Fraternali2012,
       author = {{Fraternali}, Filippo and {Tomassetti}, Matteo},
        title = "{Estimating gas accretion in disc galaxies using the Kennicutt-Schmidt law}",
      journal = {\mnras},
     keywords = {Galaxy: evolution, galaxies: evolution, galaxies: ISM, galaxies: star formation, Astrophysics - Cosmology and Nongalactic Astrophysics},
         year = 2012,
        month = nov,
       volume = {426},
       number = {3},
        pages = {2166-2177},
          doi = {10.1111/j.1365-2966.2012.21650.x},
archivePrefix = {arXiv},
       eprint = {1207.0093},
 primaryClass = {astro-ph.CO},
       adsurl = {https://ui.adsabs.harvard.edu/abs/2012MNRAS.426.2166F},
      adsnote = {Provided by the SAO/NASA Astrophysics Data System}
}

% Frinchaboy et al. (2013) 
@ARTICLE{Frinchaboy2013,
       author = {{Frinchaboy}, Peter M. and {Thompson}, Benjamin and {Jackson}, Kelly M. and
         {O'Connell}, Julia and {Meyer}, Brianne and {Zasowski}, Gail and
         {Majewski}, Steven R. and {Chojnowksi}, S. Drew and
         {Johnson}, Jennifer A. and {Allende Prieto}, Carlos and
         {Beers}, Timothy C. and {Bizyaev}, Dmitry and {Brewington}, Howard and
         {Cunha}, Katia and {Ebelke}, Garrett and
         {Garc{\'\i}a P{\'e}rez}, Ana Elia and {Hearty}, Frederick R. and
         {Holtzman}, Jon and {Kinemuchi}, Karen and {Malanushenko}, Elena and
         {Malanushenko}, Viktor and {Marchante}, Moses and
         {M{\'e}sz{\'a}ros}, Szabolcs and {Muna}, Demitri and
         {Nidever}, David L. and {Oravetz}, Daniel and {Pan}, Kaike and
         {Schiavon}, Ricardo P. and {Schneider}, Donald P. and
         {Shetrone}, Matthew and {Simmons}, Audrey and {Snedden}, Stephanie and
         {Smith}, Verne V. and {Wilson}, John C.},
        title = "{The Open Cluster Chemical Analysis and Mapping Survey: Local Galactic Metallicity Gradient with APOGEE Using SDSS DR10}",
      journal = {\apjl},
     keywords = {Galaxy: abundances, Galaxy: disk, Galaxy: evolution, open clusters and associations: general, Astrophysics - Astrophysics of Galaxies},
         year = 2013,
        month = nov,
       volume = {777},
       number = {1},
          eid = {L1},
        pages = {L1},
          doi = {10.1088/2041-8205/777/1/L1},
archivePrefix = {arXiv},
       eprint = {1308.4195},
 primaryClass = {astro-ph.GA},
       adsurl = {https://ui.adsabs.harvard.edu/abs/2013ApJ...777L...1F},
      adsnote = {Provided by the SAO/NASA Astrophysics Data System}
}

% Gaia Collaboration et al. (2016) 
@ARTICLE{GaiaDR2,
       author = {{Gaia Collaboration} and {Brown}, A.~G.~A. and {Vallenari}, A. and
         {Prusti}, T. and {de Bruijne}, J.~H.~J. and {Babusiaux}, C. and
         {Bailer-Jones}, C.~A.~L. and {Biermann}, M. and {Evans}, D.~W. and
         {Eyer}, L. and {Jansen}, F. and {Jordi}, C. and {Klioner}, S.~A. and
         {Lammers}, U. and {Lindegren}, L. and {Luri}, X. and {Mignard}, F. and
         {Panem}, C. and {Pourbaix}, D. and {Randich}, S. and {Sartoretti}, P. and
         {Siddiqui}, H.~I. and {Soubiran}, C. and {van Leeuwen}, F. and
         {Walton}, N.~A. and {Arenou}, F. and {Bastian}, U. and {Cropper}, M. and
         {Drimmel}, R. and {Katz}, D. and {Lattanzi}, M.~G. and {Bakker}, J. and
         {Cacciari}, C. and {Casta{\~n}eda}, J. and {Chaoul}, L. and
         {Cheek}, N. and {De Angeli}, F. and {Fabricius}, C. and {Guerra}, R. and
         {Holl}, B. and {Masana}, E. and {Messineo}, R. and {Mowlavi}, N. and
         {Nienartowicz}, K. and {Panuzzo}, P. and {Portell}, J. and
         {Riello}, M. and {Seabroke}, G.~M. and {Tanga}, P. and
         {Th{\'e}venin}, F. and {Gracia-Abril}, G. and {Comoretto}, G. and
         {Garcia-Reinaldos}, M. and {Teyssier}, D. and {Altmann}, M. and
         {Andrae}, R. and {Audard}, M. and {Bellas-Velidis}, I. and
         {Benson}, K. and {Berthier}, J. and {Blomme}, R. and {Burgess}, P. and
         {Busso}, G. and {Carry}, B. and {Cellino}, A. and {Clementini}, G. and
         {Clotet}, M. and {Creevey}, O. and {Davidson}, M. and {De Ridder}, J. and
         {Delchambre}, L. and {Dell'Oro}, A. and {Ducourant}, C. and
         {Fern{\'a}ndez-Hern{\'a}ndez}, J. and {Fouesneau}, M. and
         {Fr{\'e}mat}, Y. and {Galluccio}, L. and {Garc{\'\i}a-Torres}, M. and
         {Gonz{\'a}lez-N{\'u}{\~n}ez}, J. and {Gonz{\'a}lez-Vidal}, J.~J. and
         {Gosset}, E. and {Guy}, L.~P. and {Halbwachs}, J. -L. and
         {Hambly}, N.~C. and {Harrison}, D.~L. and {Hern{\'a}ndez}, J. and
         {Hestroffer}, D. and {Hodgkin}, S.~T. and {Hutton}, A. and
         {Jasniewicz}, G. and {Jean-Antoine-Piccolo}, A. and {Jordan}, S. and
         {Korn}, A.~J. and {Krone-Martins}, A. and {Lanzafame}, A.~C. and
         {Lebzelter}, T. and {L{\"o}ffler}, W. and {Manteiga}, M. and
         {Marrese}, P.~M. and {Mart{\'\i}n-Fleitas}, J.~M. and {Moitinho}, A. and
         {Mora}, A. and {Muinonen}, K. and {Osinde}, J. and {Pancino}, E. and
         {Pauwels}, T. and {Petit}, J. -M. and {Recio-Blanco}, A. and
         {Richards}, P.~J. and {Rimoldini}, L. and {Robin}, A.~C. and
         {Sarro}, L.~M. and {Siopis}, C. and {Smith}, M. and {Sozzetti}, A. and
         {S{\"u}veges}, M. and {Torra}, J. and {van Reeven}, W. and {Abbas}, U. and
         {Abreu Aramburu}, A. and {Accart}, S. and {Aerts}, C. and
         {Altavilla}, G. and {{\'A}lvarez}, M.~A. and {Alvarez}, R. and
         {Alves}, J. and {Anderson}, R.~I. and {Andrei}, A.~H. and
         {Anglada Varela}, E. and {Antiche}, E. and {Antoja}, T. and
         {Arcay}, B. and {Astraatmadja}, T.~L. and {Bach}, N. and
         {Baker}, S.~G. and {Balaguer-N{\'u}{\~n}ez}, L. and {Balm}, P. and
         {Barache}, C. and {Barata}, C. and {Barbato}, D. and {Barblan}, F. and
         {Barklem}, P.~S. and {Barrado}, D. and {Barros}, M. and
         {Barstow}, M.~A. and {Bartholom{\'e} Mu{\~n}oz}, S. and
         {Bassilana}, J. -L. and {Becciani}, U. and {Bellazzini}, M. and
         {Berihuete}, A. and {Bertone}, S. and {Bianchi}, L. and
         {Bienaym{\'e}}, O. and {Blanco-Cuaresma}, S. and {Boch}, T. and
         {Boeche}, C. and {Bombrun}, A. and {Borrachero}, R. and {Bossini}, D. and
         {Bouquillon}, S. and {Bourda}, G. and {Bragaglia}, A. and
         {Bramante}, L. and {Breddels}, M.~A. and {Bressan}, A. and
         {Brouillet}, N. and {Br{\"u}semeister}, T. and {Brugaletta}, E. and
         {Bucciarelli}, B. and {Burlacu}, A. and {Busonero}, D. and
         {Butkevich}, A.~G. and {Buzzi}, R. and {Caffau}, E. and
         {Cancelliere}, R. and {Cannizzaro}, G. and {Cantat-Gaudin}, T. and
         {Carballo}, R. and {Carlucci}, T. and {Carrasco}, J.~M. and
         {Casamiquela}, L. and {Castellani}, M. and {Castro-Ginard}, A. and
         {Charlot}, P. and {Chemin}, L. and {Chiavassa}, A. and {Cocozza}, G. and
         {Costigan}, G. and {Cowell}, S. and {Crifo}, F. and {Crosta}, M. and
         {Crowley}, C. and {Cuypers}, J. and {Dafonte}, C. and {Damerdji}, Y. and
         {Dapergolas}, A. and {David}, P. and {David}, M. and {de Laverny}, P. and
         {De Luise}, F. and {De March}, R. and {de Martino}, D. and
         {de Souza}, R. and {de Torres}, A. and {Debosscher}, J. and
         {del Pozo}, E. and {Delbo}, M. and {Delgado}, A. and {Delgado}, H.~E. and
         {Di Matteo}, P. and {Diakite}, S. and {Diener}, C. and {Distefano}, E. and
         {Dolding}, C. and {Drazinos}, P. and {Dur{\'a}n}, J. and
         {Edvardsson}, B. and {Enke}, H. and {Eriksson}, K. and {Esquej}, P. and
         {Eynard Bontemps}, G. and {Fabre}, C. and {Fabrizio}, M. and
         {Faigler}, S. and {Falc{\~a}o}, A.~J. and {Farr{\`a}s Casas}, M. and
         {Federici}, L. and {Fedorets}, G. and {Fernique}, P. and
         {Figueras}, F. and {Filippi}, F. and {Findeisen}, K. and {Fonti}, A. and
         {Fraile}, E. and {Fraser}, M. and {Fr{\'e}zouls}, B. and {Gai}, M. and
         {Galleti}, S. and {Garabato}, D. and {Garc{\'\i}a-Sedano}, F. and
         {Garofalo}, A. and {Garralda}, N. and {Gavel}, A. and {Gavras}, P. and
         {Gerssen}, J. and {Geyer}, R. and {Giacobbe}, P. and {Gilmore}, G. and
         {Girona}, S. and {Giuffrida}, G. and {Glass}, F. and {Gomes}, M. and
         {Granvik}, M. and {Gueguen}, A. and {Guerrier}, A. and {Guiraud}, J. and
         {Guti{\'e}rrez-S{\'a}nchez}, R. and {Haigron}, R. and
         {Hatzidimitriou}, D. and {Hauser}, M. and {Haywood}, M. and
         {Heiter}, U. and {Helmi}, A. and {Heu}, J. and {Hilger}, T. and
         {Hobbs}, D. and {Hofmann}, W. and {Holland}, G. and {Huckle}, H.~E. and
         {Hypki}, A. and {Icardi}, V. and {Jan{\ss}en}, K. and
         {Jevardat de Fombelle}, G. and {Jonker}, P.~G. and
         {Juh{\'a}sz}, {\'A}. L. and {Julbe}, F. and {Karampelas}, A. and
         {Kewley}, A. and {Klar}, J. and {Kochoska}, A. and {Kohley}, R. and
         {Kolenberg}, K. and {Kontizas}, M. and {Kontizas}, E. and
         {Koposov}, S.~E. and {Kordopatis}, G. and {Kostrzewa-Rutkowska}, Z. and
         {Koubsky}, P. and {Lambert}, S. and {Lanza}, A.~F. and {Lasne}, Y. and
         {Lavigne}, J. -B. and {Le Fustec}, Y. and {Le Poncin-Lafitte}, C. and
         {Lebreton}, Y. and {Leccia}, S. and {Leclerc}, N. and
         {Lecoeur-Taibi}, I. and {Lenhardt}, H. and {Leroux}, F. and {Liao}, S. and
         {Licata}, E. and {Lindstr{\o}m}, H.~E.~P. and {Lister}, T.~A. and
         {Livanou}, E. and {Lobel}, A. and {L{\'o}pez}, M. and {Managau}, S. and
         {Mann}, R.~G. and {Mantelet}, G. and {Marchal}, O. and
         {Marchant}, J.~M. and {Marconi}, M. and {Marinoni}, S. and
         {Marschalk{\'o}}, G. and {Marshall}, D.~J. and {Martino}, M. and
         {Marton}, G. and {Mary}, N. and {Massari}, D. and
         {Matijevi{\v{c}}}, G. and {Mazeh}, T. and {McMillan}, P.~J. and
         {Messina}, S. and {Michalik}, D. and {Millar}, N.~R. and {Molina}, D. and
         {Molinaro}, R. and {Moln{\'a}r}, L. and {Montegriffo}, P. and
         {Mor}, R. and {Morbidelli}, R. and {Morel}, T. and {Morris}, D. and
         {Mulone}, A.~F. and {Muraveva}, T. and {Musella}, I. and
         {Nelemans}, G. and {Nicastro}, L. and {Noval}, L. and {O'Mullane}, W. and
         {Ord{\'e}novic}, C. and {Ord{\'o}{\~n}ez-Blanco}, D. and {Osborne}, P. and
         {Pagani}, C. and {Pagano}, I. and {Pailler}, F. and {Palacin}, H. and
         {Palaversa}, L. and {Panahi}, A. and {Pawlak}, M. and
         {Piersimoni}, A.~M. and {Pineau}, F. -X. and {Plachy}, E. and
         {Plum}, G. and {Poggio}, E. and {Poujoulet}, E. and {Pr{\v{s}}a}, A. and
         {Pulone}, L. and {Racero}, E. and {Ragaini}, S. and {Rambaux}, N. and
         {Ramos-Lerate}, M. and {Regibo}, S. and {Reyl{\'e}}, C. and
         {Riclet}, F. and {Ripepi}, V. and {Riva}, A. and {Rivard}, A. and
         {Rixon}, G. and {Roegiers}, T. and {Roelens}, M. and
         {Romero-G{\'o}mez}, M. and {Rowell}, N. and {Royer}, F. and
         {Ruiz-Dern}, L. and {Sadowski}, G. and {Sagrist{\`a} Sell{\'e}s}, T. and
         {Sahlmann}, J. and {Salgado}, J. and {Salguero}, E. and {Sanna}, N. and
         {Santana-Ros}, T. and {Sarasso}, M. and {Savietto}, H. and
         {Schultheis}, M. and {Sciacca}, E. and {Segol}, M. and
         {Segovia}, J.~C. and {S{\'e}gransan}, D. and {Shih}, I. -C. and
         {Siltala}, L. and {Silva}, A.~F. and {Smart}, R.~L. and {Smith}, K.~W. and
         {Solano}, E. and {Solitro}, F. and {Sordo}, R. and {Soria Nieto}, S. and
         {Souchay}, J. and {Spagna}, A. and {Spoto}, F. and {Stampa}, U. and
         {Steele}, I.~A. and {Steidelm{\"u}ller}, H. and {Stephenson}, C.~A. and
         {Stoev}, H. and {Suess}, F.~F. and {Surdej}, J. and {Szabados}, L. and
         {Szegedi-Elek}, E. and {Tapiador}, D. and {Taris}, F. and {Tauran}, G. and
         {Taylor}, M.~B. and {Teixeira}, R. and {Terrett}, D. and {Teyssand
        ier}, P. and {Thuillot}, W. and {Titarenko}, A. and {Torra Clotet}, F. and
         {Turon}, C. and {Ulla}, A. and {Utrilla}, E. and {Uzzi}, S. and
         {Vaillant}, M. and {Valentini}, G. and {Valette}, V. and
         {van Elteren}, A. and {Van Hemelryck}, E. and {van Leeuwen}, M. and
         {Vaschetto}, M. and {Vecchiato}, A. and {Veljanoski}, J. and
         {Viala}, Y. and {Vicente}, D. and {Vogt}, S. and {von Essen}, C. and
         {Voss}, H. and {Votruba}, V. and {Voutsinas}, S. and {Walmsley}, G. and
         {Weiler}, M. and {Wertz}, O. and {Wevers}, T. and {Wyrzykowski}, {\L}. and
         {Yoldas}, A. and {{\v{Z}}erjal}, M. and {Ziaeepour}, H. and
         {Zorec}, J. and {Zschocke}, S. and {Zucker}, S. and {Zurbach}, C. and
         {Zwitter}, T.},
        title = "{Gaia Data Release 2. Summary of the contents and survey properties}",
      journal = {\aap},
     keywords = {catalogs, astrometry, techniques: radial velocities, stars: fundamental parameters, stars: variables: general, minor planets, asteroids: general, Astrophysics - Astrophysics of Galaxies, Astrophysics - Instrumentation and Methods for Astrophysics},
         year = 2018,
        month = aug,
       volume = {616},
          eid = {A1},
        pages = {A1},
          doi = {10.1051/0004-6361/201833051},
archivePrefix = {arXiv},
       eprint = {1804.09365},
 primaryClass = {astro-ph.GA},
       adsurl = {https://ui.adsabs.harvard.edu/abs/2018A&A...616A...1G},
      adsnote = {Provided by the SAO/NASA Astrophysics Data System}
}

% Garcia-Benito et al. (2017) 
@ARTICLE{Garcia-Benito2017,
       author = {{Garc{\'\i}a-Benito}, R. and {Gonz{\'a}lez Delgado}, R.~M. and
         {P{\'e}rez}, E. and {Cid Fernandes}, R. and {Cortijo-Ferrero}, C. and
         {L{\'o}pez Fern{\'a}ndez}, R. and {de Amorim}, A.~L. and
         {Lacerda}, E.~A.~D. and {Vale Asari}, N. and {S{\'a}nchez}, S.~F.},
        title = "{The spatially resolved star formation history of CALIFA galaxies. Cosmic time scales}",
      journal = {\aap},
     keywords = {techniques: spectroscopic, galaxies: general, galaxies: formation, galaxies: evolution, galaxies: star formation, surveys, Astrophysics - Astrophysics of Galaxies},
         year = 2017,
        month = dec,
       volume = {608},
          eid = {A27},
        pages = {A27},
          doi = {10.1051/0004-6361/201731357},
archivePrefix = {arXiv},
       eprint = {1709.00413},
 primaryClass = {astro-ph.GA},
       adsurl = {https://ui.adsabs.harvard.edu/abs/2017A&A...608A..27G},
      adsnote = {Provided by the SAO/NASA Astrophysics Data System}
}

% Garcia Perez et al. (2016) 
@ARTICLE{GarciaPerez2016,
       author = {{Garc{\'\i}a P{\'e}rez}, Ana E. and {Allende Prieto}, Carlos and
         {Holtzman}, Jon A. and {Shetrone}, Matthew and
         {M{\'e}sz{\'a}ros}, Szabolcs and {Bizyaev}, Dmitry and
         {Carrera}, Ricardo and {Cunha}, Katia and
         {Garc{\'\i}a-Hern{\'a}ndez}, D.~A. and {Johnson}, Jennifer A. and
         {Majewski}, Steven R. and {Nidever}, David L. and
         {Schiavon}, Ricardo P. and {Shane}, Neville and {Smith}, Verne V. and
         {Sobeck}, Jennifer and {Troup}, Nicholas and {Zamora}, Olga and
         {Weinberg}, David H. and {Bovy}, Jo and {Eisenstein}, Daniel J. and
         {Feuillet}, Diane and {Frinchaboy}, Peter M. and {Hayden}, Michael R. and
         {Hearty}, Fred R. and {Nguyen}, Duy C. and {O'Connell}, Robert W. and
         {Pinsonneault}, Marc H. and {Wilson}, John C. and {Zasowski}, Gail},
        title = "{ASPCAP: The APOGEE Stellar Parameter and Chemical Abundances Pipeline}",
      journal = {\aj},
     keywords = {Galaxy: center, Galaxy: structure, methods: data analysis, stars: abundances, stars: atmospheres, Astrophysics - Solar and Stellar Astrophysics},
         year = 2016,
        month = jun,
       volume = {151},
       number = {6},
          eid = {144},
        pages = {144},
          doi = {10.3847/0004-6256/151/6/144},
archivePrefix = {arXiv},
       eprint = {1510.07635},
 primaryClass = {astro-ph.SR},
       adsurl = {https://ui.adsabs.harvard.edu/abs/2016AJ....151..144G},
      adsnote = {Provided by the SAO/NASA Astrophysics Data System}
}

% Gerke et al. (2015) 
@ARTICLE{Gerke2015,
       author = {{Gerke}, J.~R. and {Kochanek}, C.~S. and {Stanek}, K.~Z.},
        title = "{The search for failed supernovae with the Large Binocular Telescope: first candidates}",
      journal = {\mnras},
     keywords = {black hole physics, surveys, stars: massive, supernovae: general, Astrophysics - Solar and Stellar Astrophysics},
         year = 2015,
        month = jul,
       volume = {450},
       number = {3},
        pages = {3289-3305},
          doi = {10.1093/mnras/stv776},
archivePrefix = {arXiv},
       eprint = {1411.1761},
 primaryClass = {astro-ph.SR},
       adsurl = {https://ui.adsabs.harvard.edu/abs/2015MNRAS.450.3289G},
      adsnote = {Provided by the SAO/NASA Astrophysics Data System}
}

% Gonzalez Delgado et al. (2014) 
@ARTICLE{GonzalezDelgado2014,
       author = {{Gonz{\'a}lez Delgado}, R.~M. and {P{\'e}rez}, E. and {Cid Fernand
        es}, R. and {Garc{\'\i}a-Benito}, R. and {de Amorim}, A.~L. and
         {S{\'a}nchez}, S.~F. and {Husemann}, B. and {Cortijo-Ferrero}, C. and
         {L{\'o}pez Fern{\'a}ndez}, R. and {S{\'a}nchez-Bl{\'a}zquez}, P. and
         {Bekeraite}, S. and {Walcher}, C.~J. and {Falc{\'o}n-Barroso}, J. and
         {Gallazzi}, A. and {van de Ven}, G. and {Alves}, J. and {Bland
        -Hawthorn}, J. and {Kennicutt}, R.~C. and {Kupko}, D. and
         {Lyubenova}, M. and {Mast}, D. and {Moll{\'a}}, M. and {Marino}, R.~A. and
         {Quirrenbach}, A. and {V{\'\i}lchez}, J.~M. and {Wisotzki}, L.},
        title = "{The star formation history of CALIFA galaxies: Radial structures}",
      journal = {\aap},
     keywords = {galaxies: evolution, galaxies: stellar content, galaxies: structure, galaxies: fundamental parameters, galaxies: bulges, galaxies: spiral, Astrophysics - Cosmology and Nongalactic Astrophysics, Astrophysics - Astrophysics of Galaxies},
         year = 2014,
        month = feb,
       volume = {562},
          eid = {A47},
        pages = {A47},
          doi = {10.1051/0004-6361/201322011},
archivePrefix = {arXiv},
       eprint = {1310.5517},
 primaryClass = {astro-ph.CO},
       adsurl = {https://ui.adsabs.harvard.edu/abs/2014A&A...562A..47G},
      adsnote = {Provided by the SAO/NASA Astrophysics Data System}
}

% Grand et al. (2017) 
@ARTICLE{Grand2017,
       author = {{Grand}, Robert J.~J. and {G{\'o}mez}, Facundo A. and
         {Marinacci}, Federico and {Pakmor}, R{\"u}diger and {Springel}, Volker and
         {Campbell}, David J.~R. and {Frenk}, Carlos S. and {Jenkins}, Adrian and
         {White}, Simon D.~M.},
        title = "{The Auriga Project: the properties and formation mechanisms of disc galaxies across cosmic time}",
      journal = {\mnras},
     keywords = {galaxies: evolution, galaxies: kinematics and dynamics, galaxies: spiral, galaxies: structure, Astrophysics - Astrophysics of Galaxies, Astrophysics - Cosmology and Nongalactic Astrophysics},
         year = 2017,
        month = may,
       volume = {467},
       number = {1},
        pages = {179-207},
          doi = {10.1093/mnras/stx071},
archivePrefix = {arXiv},
       eprint = {1610.01159},
 primaryClass = {astro-ph.GA},
       adsurl = {https://ui.adsabs.harvard.edu/abs/2017MNRAS.467..179G},
      adsnote = {Provided by the SAO/NASA Astrophysics Data System}
}

% Grand et al. (2018) 
@ARTICLE{Grand2018,
       author = {{Grand}, Robert J.~J. and {Bustamante}, Sebasti{\'a}n and
         {G{\'o}mez}, Facundo A. and {Kawata}, Daisuke and
         {Marinacci}, Federico and {Pakmor}, R{\"u}diger and {Rix}, Hans-Walter and
         {Simpson}, Christine M. and {Sparre}, Martin and {Springel}, Volker},
        title = "{Origin of chemically distinct discs in the Auriga cosmological simulations}",
      journal = {\mnras},
     keywords = {galaxies: evolution, galaxies: kinematics and dynamics, galaxies: spiral, galaxies: structure, Astrophysics - Astrophysics of Galaxies, Astrophysics - Cosmology and Nongalactic Astrophysics, Astrophysics - Solar and Stellar Astrophysics},
         year = 2018,
        month = mar,
       volume = {474},
       number = {3},
        pages = {3629-3639},
          doi = {10.1093/mnras/stx3025},
archivePrefix = {arXiv},
       eprint = {1708.07834},
 primaryClass = {astro-ph.GA},
       adsurl = {https://ui.adsabs.harvard.edu/abs/2018MNRAS.474.3629G},
      adsnote = {Provided by the SAO/NASA Astrophysics Data System}
}

% Griffith et al. (2020)
@ARTICLE{Griffith2020,
       author = {{Griffith}, Emily and {Weinberg}, David H. and {Johnson}, Jennifer A. and
         {Beaton}, Rachael and {Garc{\'\i}a-Hern{\'a}ndez}, D.~A. and
         {Hasselquist}, Sten and {Holtzman}, Jon and {Johnson}, James W. and
         {J{\"o}nsson}, Henrik and {Lane}, Richard R. and {Nataf}, David M. and
         {Roman-Lopes}, Alexandre},
        title = "{The Similarity of Abundance Ratio Trends and Nucleosynthetic Patterns in the Milky Way Disk and Bulge}",
      journal = {arXiv e-prints},
     keywords = {Astrophysics - Solar and Stellar Astrophysics, Astrophysics - Astrophysics of Galaxies},
         year = 2020,
        month = sep,
          eid = {arXiv:2009.05063},
        pages = {arXiv:2009.05063},
archivePrefix = {arXiv},
       eprint = {2009.05063},
 primaryClass = {astro-ph.SR},
       adsurl = {https://ui.adsabs.harvard.edu/abs/2020arXiv200905063G},
      adsnote = {Provided by the SAO/NASA Astrophysics Data System}
}

% Grisoni et al. (2017) 
@ARTICLE{Grisoni2017,
       author = {{Grisoni}, V. and {Spitoni}, E. and {Matteucci}, F. and
         {Recio-Blanco}, A. and {de Laverny}, P. and {Hayden}, M. and
         {Mikolaitis}, {\^{S}}. and {Worley}, C.~C.},
        title = "{The AMBRE project: chemical evolution models for the Milky Way thick and thin discs}",
      journal = {\mnras},
     keywords = {Galaxy: abundances, Galaxy: evolution, Galaxy: formation, Astrophysics - Astrophysics of Galaxies},
         year = 2017,
        month = dec,
       volume = {472},
       number = {3},
        pages = {3637-3647},
          doi = {10.1093/mnras/stx2201},
archivePrefix = {arXiv},
       eprint = {1706.02614},
 primaryClass = {astro-ph.GA},
       adsurl = {https://ui.adsabs.harvard.edu/abs/2017MNRAS.472.3637G},
      adsnote = {Provided by the SAO/NASA Astrophysics Data System}
}

% Gunn et al. (2006) 
@ARTICLE{Gunn2006,
       author = {{Gunn}, James E. and {Siegmund}, Walter A. and {Mannery}, Edward J. and
         {Owen}, Russell E. and {Hull}, Charles L. and {Leger}, R. French and
         {Carey}, Larry N. and {Knapp}, Gillian R. and {York}, Donald G. and
         {Boroski}, William N. and {Kent}, Stephen M. and {Lupton}, Robert H. and
         {Rockosi}, Constance M. and {Evans}, Michael L. and {Waddell}, Patrick and
         {Anderson}, John E. and {Annis}, James and {Barentine}, John C. and
         {Bartoszek}, Larry M. and {Bastian}, Steven and {Bracker}, Stephen B. and
         {Brewington}, Howard J. and {Briegel}, Charles I. and {Brinkmann}, Jon and
         {Brown}, Yorke J. and {Carr}, Michael A. and {Czarapata}, Paul C. and
         {Drennan}, Craig C. and {Dombeck}, Thomas and {Federwitz}, Glenn R. and
         {Gillespie}, Bruce A. and {Gonzales}, Carlos and {Hansen}, Sten U. and
         {Harvanek}, Michael and {Hayes}, Jeffrey and {Jordan}, Wendell and
         {Kinney}, Ellyne and {Klaene}, Mark and {Kleinman}, S.~J. and
         {Kron}, Richard G. and {Kresinski}, Jurek and {Lee}, Glenn and
         {Limmongkol}, Siriluk and {Lindenmeyer}, Carl W. and {Long}, Daniel C. and
         {Loomis}, Craig L. and {McGehee}, Peregrine M. and {Mantsch}, Paul M. and
         {Neilsen}, Eric H., Jr. and {Neswold}, Richard M. and
         {Newman}, Peter R. and {Nitta}, Atsuko and {Peoples}, John, Jr. and
         {Pier}, Jeffrey R. and {Prieto}, Peter S. and {Prosapio}, Angela and
         {Rivetta}, Claudio and {Schneider}, Donald P. and {Snedden}, Stephanie and
         {Wang}, Shu-i.},
        title = "{The 2.5 m Telescope of the Sloan Digital Sky Survey}",
      journal = {\aj},
     keywords = {Surveys, Telescopes, Astrophysics},
         year = 2006,
        month = apr,
       volume = {131},
       number = {4},
        pages = {2332-2359},
          doi = {10.1086/500975},
archivePrefix = {arXiv},
       eprint = {astro-ph/0602326},
 primaryClass = {astro-ph},
       adsurl = {https://ui.adsabs.harvard.edu/abs/2006AJ....131.2332G},
      adsnote = {Provided by the SAO/NASA Astrophysics Data System}
}

% Hayden et al. (2014) 
@ARTICLE{Hayden2014,
       author = {{Hayden}, Michael R. and {Holtzman}, Jon A. and {Bovy}, Jo and
         {Majewski}, Steven R. and {Johnson}, Jennifer A. and
         {Allende Prieto}, Carlos and {Beers}, Timothy C. and {Cunha}, Katia and
         {Frinchaboy}, Peter M. and {Garc{\'\i}a P{\'e}rez}, Ana E. and
         {Girardi}, L{\'e}o and {Hearty}, Fred R. and {Lee}, Young Sun and
         {Nidever}, David and {Schiavon}, Ricardo P. and
         {Schlesinger}, Katharine J. and {Schneider}, Donald P. and
         {Schultheis}, Mathias and {Shetrone}, Matthew and {Smith}, Verne V. and
         {Zasowski}, Gail and {Bizyaev}, Dmitry and {Feuillet}, Diane and
         {Hasselquist}, Sten and {Kinemuchi}, Karen and {Malanushenko}, Elena and
         {Malanushenko}, Viktor and {O'Connell}, Robert and {Pan}, Kaike and
         {Stassun}, Keivan},
        title = "{Chemical Cartography with APOGEE: Large-scale Mean Metallicity Maps of the Milky Way Disk}",
      journal = {\aj},
     keywords = {Galaxy: abundances, Galaxy: disk, Galaxy: stellar content, Galaxy: structure, Astrophysics - Astrophysics of Galaxies},
         year = 2014,
        month = may,
       volume = {147},
       number = {5},
          eid = {116},
        pages = {116},
          doi = {10.1088/0004-6256/147/5/116},
archivePrefix = {arXiv},
       eprint = {1311.4569},
 primaryClass = {astro-ph.GA},
       adsurl = {https://ui.adsabs.harvard.edu/abs/2014AJ....147..116H},
      adsnote = {Provided by the SAO/NASA Astrophysics Data System}
}

% Hayden et al. (2015) 
@ARTICLE{Hayden2015,
       author = {{Hayden}, Michael R. and {Bovy}, Jo and {Holtzman}, Jon A. and
         {Nidever}, David L. and {Bird}, Jonathan C. and {Weinberg}, David H. and
         {Andrews}, Brett H. and {Majewski}, Steven R. and
         {Allende Prieto}, Carlos and {Anders}, Friedrich and
         {Beers}, Timothy C. and {Bizyaev}, Dmitry and {Chiappini}, Cristina and
         {Cunha}, Katia and {Frinchaboy}, Peter and {Garc{\'\i}a-Her{\'n}and
        ez}, D.~A. and {Garc{\'\i}a P{\'e}rez}, Ana E. and {Girardi}, L{\'e}o and
         {Harding}, Paul and {Hearty}, Fred R. and {Johnson}, Jennifer A. and
         {M{\'e}sz{\'a}ros}, Szabolcs and {Minchev}, Ivan and
         {O'Connell}, Robert and {Pan}, Kaike and {Robin}, Annie C. and
         {Schiavon}, Ricardo P. and {Schneider}, Donald P. and
         {Schultheis}, Mathias and {Shetrone}, Matthew and {Skrutskie}, Michael and
         {Steinmetz}, Matthias and {Smith}, Verne and {Wilson}, John C. and
         {Zamora}, Olga and {Zasowski}, Gail},
        title = "{Chemical Cartography with APOGEE: Metallicity Distribution Functions and the Chemical Structure of the Milky Way Disk}",
      journal = {\apj},
     keywords = {Galaxy: abundances, Galaxy: disk, Galaxy: evolution, Galaxy: stellar content, Galaxy: structure, Astrophysics - Astrophysics of Galaxies},
         year = "2015",
        month = "Aug",
       volume = {808},
       number = {2},
          eid = {132},
        pages = {132},
          doi = {10.1088/0004-637X/808/2/132},
archivePrefix = {arXiv},
       eprint = {1503.02110},
 primaryClass = {astro-ph.GA},
       adsurl = {https://ui.adsabs.harvard.edu/abs/2015ApJ...808..132H},
      adsnote = {Provided by the SAO/NASA Astrophysics Data System}
}

% Haywood (2008) 
@ARTICLE{Haywood2008,
       author = {{Haywood}, M.},
        title = "{Radial mixing and the transition between the thick and thin Galactic discs}",
      journal = {\mnras},
     keywords = {Galaxy: abundances, Galaxy: evolution, solar neighbourhood, Astrophysics},
         year = 2008,
        month = aug,
       volume = {388},
       number = {3},
        pages = {1175-1184},
          doi = {10.1111/j.1365-2966.2008.13395.x},
archivePrefix = {arXiv},
       eprint = {0805.1822},
 primaryClass = {astro-ph},
       adsurl = {https://ui.adsabs.harvard.edu/abs/2008MNRAS.388.1175H},
      adsnote = {Provided by the SAO/NASA Astrophysics Data System}
}

% Heyer & Dame (2015) 
@ARTICLE{Heyer2015,
       author = {{Heyer}, Mark and {Dame}, T.~M.},
        title = "{Molecular Clouds in the Milky Way}",
      journal = {\araa},
         year = 2015,
        month = aug,
       volume = {53},
        pages = {583-629},
          doi = {10.1146/annurev-astro-082214-122324},
       adsurl = {https://ui.adsabs.harvard.edu/abs/2015ARA&A..53..583H},
      adsnote = {Provided by the SAO/NASA Astrophysics Data System}
}

% Holmberg, Nordstroem & Andersen (2007) 
@ARTICLE{Holmberg2007,
       author = {{Holmberg}, J. and {Nordstr{\"o}m}, B. and {Andersen}, J.},
        title = "{The Geneva-Copenhagen survey of the Solar neighbourhood II. New uvby calibrations and rediscussion of stellar ages, the G dwarf problem, age-metallicity diagram, and heating mechanisms of the disk}",
      journal = {\aap},
     keywords = {Galaxy: stellar content, Galaxy: solar neighbourhood, Galaxy: disk, Galaxy: kinematics and dynamics, Galaxy: evolution, stars: fundamental parameters, Astrophysics},
         year = 2007,
        month = nov,
       volume = {475},
       number = {2},
        pages = {519-537},
          doi = {10.1051/0004-6361:20077221},
archivePrefix = {arXiv},
       eprint = {0707.1891},
 primaryClass = {astro-ph},
       adsurl = {https://ui.adsabs.harvard.edu/abs/2007A&A...475..519H},
      adsnote = {Provided by the SAO/NASA Astrophysics Data System}
}

% Holoien et al. (2019) 
@ARTICLE{Holoien2019,
       author = {{Holoien}, T.~W. -S. and {Brown}, J.~S. and {Vallely}, P.~J. and {Stanek}, K.~Z. and {Kochanek}, C.~S. and {Shappee}, B.~J. and {Prieto}, J.~L. and {Dong}, Subo and {Brimacombe}, J. and {Bishop}, D.~W. and {Bose}, S. and {Beacom}, J.~F. and {Bersier}, D. and {Chen}, Ping and {Chomiuk}, L. and {Falco}, E. and {Holmbo}, S. and {Jayasinghe}, T. and {Morrell}, N. and {Pojmanski}, G. and {Shields}, J.~V. and {Strader}, J. and {Stritzinger}, M.~D. and {Thompson}, Todd A. and {Wo{\'z}niak}, P.~R. and {Bock}, G. and {Cacella}, P. and {Carballo}, J.~G. and {Cruz}, I. and {Conseil}, E. and {Farfan}, R.~G. and {Fernandez}, J.~M. and {Kiyota}, S. and {Koff}, R.~A. and {Krannich}, G. and {Marples}, P. and {Masi}, G. and {Monard}, L.~A.~G. and {Mu{\~n}oz}, J.~A. and {Nicholls}, B. and {Post}, R.~S. and {Stone}, G. and {Trappett}, D.~L. and {Wiethoff}, W.~S.},
        title = "{The ASAS-SN bright supernova catalogue - IV. 2017}",
      journal = {\mnras},
     keywords = {catalogues, surveys, supernovae: general, Astrophysics - High Energy Astrophysical Phenomena},
         year = 2019,
        month = apr,
       volume = {484},
       number = {2},
        pages = {1899-1911},
          doi = {10.1093/mnras/stz073},
archivePrefix = {arXiv},
       eprint = {1811.08904},
 primaryClass = {astro-ph.HE},
       adsurl = {https://ui.adsabs.harvard.edu/abs/2019MNRAS.484.1899H},
      adsnote = {Provided by the SAO/NASA Astrophysics Data System}
}

% Holtzman et al. (2015) ASPCAP 
@ARTICLE{Holtzman2015,
       author = {{Holtzman}, Jon A. and {Shetrone}, Matthew and {Johnson}, Jennifer A. and
         {Allende Prieto}, Carlos and {Anders}, Friedrich and {Andrews}, Brett and
         {Beers}, Timothy C. and {Bizyaev}, Dmitry and {Blanton}, Michael R. and
         {Bovy}, Jo and {Carrera}, Ricardo and {Chojnowski}, S. Drew and
         {Cunha}, Katia and {Eisenstein}, Daniel J. and {Feuillet}, Diane and
         {Frinchaboy}, Peter M. and {Galbraith-Frew}, Jessica and
         {Garc{\'\i}a P{\'e}rez}, Ana E. and {Garc{\'\i}a-Hern{\'a}ndez}, D.~A. and
         {Hasselquist}, Sten and {Hayden}, Michael R. and {Hearty}, Fred R. and
         {Ivans}, Inese and {Majewski}, Steven R. and {Martell}, Sarah and
         {Meszaros}, Szabolcs and {Muna}, Demitri and {Nidever}, David and
         {Nguyen}, Duy Cuong and {O'Connell}, Robert W. and {Pan}, Kaike and
         {Pinsonneault}, Marc and {Robin}, Annie C. and {Schiavon}, Ricardo P. and
         {Shane}, Neville and {Sobeck}, Jennifer and {Smith}, Verne V. and
         {Troup}, Nicholas and {Weinberg}, David H. and {Wilson}, John C. and
         {Wood-Vasey}, W.~M. and {Zamora}, Olga and {Zasowski}, Gail},
        title = "{Abundances, Stellar Parameters, and Spectra from the SDSS-III/APOGEE Survey}",
      journal = {\aj},
     keywords = {astronomical databases: miscellaneous, Galaxy: abundances, stars: abundances, surveys, Astrophysics - Astrophysics of Galaxies, Astrophysics - Instrumentation and Methods for Astrophysics, Astrophysics - Solar and Stellar Astrophysics},
         year = 2015,
        month = nov,
       volume = {150},
       number = {5},
          eid = {148},
        pages = {148},
          doi = {10.1088/0004-6256/150/5/148},
archivePrefix = {arXiv},
       eprint = {1501.04110},
 primaryClass = {astro-ph.GA},
       adsurl = {https://ui.adsabs.harvard.edu/abs/2015AJ....150..148H},
      adsnote = {Provided by the SAO/NASA Astrophysics Data System}
}

% Isern (2019) 
@ARTICLE{Isern2019,
       author = {{Isern}, Jordi},
        title = "{The Star Formation History in the Solar Neighborhood as Told by Massive White Dwarfs}",
      journal = {\apjl},
     keywords = {Galaxy: evolution, solar neighborhood, white dwarfs, Astrophysics - Astrophysics of Galaxies, Astrophysics - Solar and Stellar Astrophysics},
         year = "2019",
        month = "Jun",
       volume = {878},
       number = {1},
          eid = {L11},
        pages = {L11},
          doi = {10.3847/2041-8213/ab238e},
archivePrefix = {arXiv},
       eprint = {1905.10779},
 primaryClass = {astro-ph.GA},
       adsurl = {https://ui.adsabs.harvard.edu/abs/2019ApJ...878L..11I},
      adsnote = {Provided by the SAO/NASA Astrophysics Data System}
}

% Johnson (2019) 
@ARTICLE{Johnson2019,
       author = {{Johnson}, Jennifer A.},
        title = "{Populating the periodic table: Nucleosynthesis of the elements}",
      journal = {Science},
     keywords = {ASTRONOMY, CHEMISTRY, GEOCHEM PHYS},
         year = 2019,
        month = feb,
       volume = {363},
       number = {6426},
        pages = {474-478},
          doi = {10.1126/science.aau9540},
       adsurl = {https://ui.adsabs.harvard.edu/abs/2019Sci...363..474J},
      adsnote = {Provided by the SAO/NASA Astrophysics Data System}
}

% Johnson & Weinberg (2020) 
@ARTICLE{Johnson2020,
       author = {{Johnson}, James W. and {Weinberg}, David H.},
        title = "{The impact of starbursts on element abundance ratios}",
      journal = {\mnras},
     keywords = {methods: numerical, galaxies: abundances, galaxies: evolution, galaxies: star formation, galaxies: stellar content, Astrophysics - Astrophysics of Galaxies},
         year = 2020,
        month = aug,
       volume = {498},
       number = {1},
        pages = {1364-1381},
          doi = {10.1093/mnras/staa2431},
archivePrefix = {arXiv},
       eprint = {1911.02598},
 primaryClass = {astro-ph.GA},
       adsurl = {https://ui.adsabs.harvard.edu/abs/2020MNRAS.498.1364J},
      adsnote = {Provided by the SAO/NASA Astrophysics Data System}
}

% Kalberla & Kelp (2009) 
@ARTICLE{Kalberla2009,
       author = {{Kalberla}, Peter M.~W. and {Kerp}, J{\"u}rgen},
        title = "{The Hi Distribution of the Milky Way}",
      journal = {\araa},
         year = 2009,
        month = sep,
       volume = {47},
       number = {1},
        pages = {27-61},
          doi = {10.1146/annurev-astro-082708-101823},
       adsurl = {https://ui.adsabs.harvard.edu/abs/2009ARA&A..47...27K},
      adsnote = {Provided by the SAO/NASA Astrophysics Data System}
}

% Kalirai et al. (2008) 
@ARTICLE{Kalirai2008,
       author = {{Kalirai}, Jasonjot S. and {Hansen}, Brad M.~S. and {Kelson}, Daniel D. and
         {Reitzel}, David B. and {Rich}, R. Michael and {Richer}, Harvey B.},
        title = "{The Initial-Final Mass Relation: Direct Constraints at the Low-Mass End}",
      journal = {\apj},
     keywords = {open clusters and associations: individual: NGC 6819 NGC 7789, stars: evolution, techniques: photometric, techniques: spectroscopic, white dwarfs, Astrophysics},
         year = 2008,
        month = mar,
       volume = {676},
       number = {1},
        pages = {594-609},
          doi = {10.1086/527028},
archivePrefix = {arXiv},
       eprint = {0706.3894},
 primaryClass = {astro-ph},
       adsurl = {https://ui.adsabs.harvard.edu/abs/2008ApJ...676..594K},
      adsnote = {Provided by the SAO/NASA Astrophysics Data System}
}

% Kennicutt (1998) 
@ARTICLE{Kennicutt1998, 
       author = {{Kennicutt}, Robert C., Jr.},
        title = "{The Global Schmidt Law in Star-forming Galaxies}",
      journal = {\apj},
     keywords = {GALAXIES: EVOLUTION, GALAXIES: ISM, GALAXIES: SPIRAL, GALAXIES: STELLAR CONTENT, GALAXIES: STARBURST, STARS: FORMATION, Galaxies: Evolution, Galaxies: ISM, Galaxies: Spiral, Galaxies: Starburst, Galaxies: Stellar Content, Stars: Formation, Astrophysics},
         year = 1998,
        month = may,
       volume = {498},
       number = {2},
        pages = {541-552},
          doi = {10.1086/305588},
archivePrefix = {arXiv},
       eprint = {astro-ph/9712213},
 primaryClass = {astro-ph},
       adsurl = {https://ui.adsabs.harvard.edu/abs/1998ApJ...498..541K},
      adsnote = {Provided by the SAO/NASA Astrophysics Data System}
}

% Kennicutt & Evans (2012)
@ARTICLE{Kennicutt2012,
       author = {{Kennicutt}, Robert C. and {Evans}, Neal J.},
        title = "{Star Formation in the Milky Way and Nearby Galaxies}",
      journal = {\araa},
     keywords = {Astrophysics - Astrophysics of Galaxies, Astrophysics - Cosmology and Nongalactic Astrophysics},
         year = 2012,
        month = sep,
       volume = {50},
        pages = {531-608},
          doi = {10.1146/annurev-astro-081811-125610},
archivePrefix = {arXiv},
       eprint = {1204.3552},
 primaryClass = {astro-ph.GA},
       adsurl = {https://ui.adsabs.harvard.edu/abs/2012ARA&A..50..531K},
      adsnote = {Provided by the SAO/NASA Astrophysics Data System}
}

% Kennicutt & de los Reyes (2020) 
@ARTICLE{Kennicutt2020,
       author = {{Kennicutt}, Robert C., Jr. and {de los Reyes}, Mithi A.~C.},
        title = "{Revisiting the Integrated Star Formation Law. II. Starbursts and the Combined Global Schmidt Law}",
      journal = {arXiv e-prints},
     keywords = {Astrophysics - Astrophysics of Galaxies},
         year = 2020,
        month = dec,
          eid = {arXiv:2012.05363},
        pages = {arXiv:2012.05363},
archivePrefix = {arXiv},
       eprint = {2012.05363},
 primaryClass = {astro-ph.GA},
       adsurl = {https://ui.adsabs.harvard.edu/abs/2020arXiv201205363K},
      adsnote = {Provided by the SAO/NASA Astrophysics Data System}
}

% Kroupa (2001) 
@ARTICLE{Kroupa2001,
       author = {{Kroupa}, Pavel},
        title = "{On the variation of the initial mass function}",
      journal = {\mnras},
     keywords = {BINARIES: GENERAL, STARS: FORMATION, STARS: KINEMATICS, STARS: LUMINOSITY FUNCTION, MASS FUNCTION, GLOBULAR CLUSTERS: GENERAL, OPEN CLUSTERS AND ASSOCIATIONS: GENERAL, Astrophysics},
         year = 2001,
        month = apr,
       volume = {322},
       number = {2},
        pages = {231-246},
          doi = {10.1046/j.1365-8711.2001.04022.x},
archivePrefix = {arXiv},
       eprint = {astro-ph/0009005},
 primaryClass = {astro-ph},
       adsurl = {https://ui.adsabs.harvard.edu/abs/2001MNRAS.322..231K},
      adsnote = {Provided by the SAO/NASA Astrophysics Data System}
}

% Krumholz et al. (2018) 
@ARTICLE{Krumholz2018,
       author = {{Krumholz}, Mark R. and {Burkhart}, Blakesley and {Forbes}, John C. and
         {Crocker}, Roland M.},
        title = "{A unified model for galactic discs: star formation, turbulence driving, and mass transport}",
      journal = {\mnras},
     keywords = {turbulence, stars: formation, ISM: kinematics and dynamics, galaxies: formation, galaxies: ISM, galaxies: star formation, Astrophysics - Astrophysics of Galaxies},
         year = 2018,
        month = jun,
       volume = {477},
       number = {2},
        pages = {2716-2740},
          doi = {10.1093/mnras/sty852},
archivePrefix = {arXiv},
       eprint = {1706.00106},
 primaryClass = {astro-ph.GA},
       adsurl = {https://ui.adsabs.harvard.edu/abs/2018MNRAS.477.2716K},
      adsnote = {Provided by the SAO/NASA Astrophysics Data System}
}

% Leroy et al. (2008) 
@ARTICLE{Leroy2008,
       author = {{Leroy}, Adam K. and {Walter}, Fabian and {Brinks}, Elias and
         {Bigiel}, Frank and {de Blok}, W.~J.~G. and {Madore}, Barry and
         {Thornley}, M.~D.},
        title = "{The Star Formation Efficiency in Nearby Galaxies: Measuring Where Gas Forms Stars Effectively}",
      journal = {\aj},
     keywords = {galaxies: evolution, galaxies: ISM, radio lines: galaxies, stars: formation, Astrophysics},
         year = 2008,
        month = dec,
       volume = {136},
       number = {6},
        pages = {2782-2845},
          doi = {10.1088/0004-6256/136/6/2782},
archivePrefix = {arXiv},
       eprint = {0810.2556},
 primaryClass = {astro-ph},
       adsurl = {https://ui.adsabs.harvard.edu/abs/2008AJ....136.2782L},
      adsnote = {Provided by the SAO/NASA Astrophysics Data System}
}

% Leroy et al. (2013) 
@ARTICLE{Leroy2013,
       author = {{Leroy}, Adam K. and {Walter}, Fabian and {Sandstrom}, Karin and
         {Schruba}, Andreas and {Munoz-Mateos}, Juan-Carlos and {Bigiel}, Frank and
         {Bolatto}, Alberto and {Brinks}, Elias and {de Blok}, W.~J.~G. and
         {Meidt}, Sharon and {Rix}, Hans-Walter and {Rosolowsky}, Erik and
         {Schinnerer}, Eva and {Schuster}, Karl-Friedrich and {Usero}, Antonio},
        title = "{Molecular Gas and Star Formation in nearby Disk Galaxies}",
      journal = {\aj},
     keywords = {evolution, galaxies: ISM, galaxies: spiral, ISM: molecules, stars: formation, Astrophysics - Cosmology and Nongalactic Astrophysics},
         year = 2013,
        month = aug,
       volume = {146},
       number = {2},
          eid = {19},
        pages = {19},
          doi = {10.1088/0004-6256/146/2/19},
archivePrefix = {arXiv},
       eprint = {1301.2328},
 primaryClass = {astro-ph.CO},
       adsurl = {https://ui.adsabs.harvard.edu/abs/2013AJ....146...19L},
      adsnote = {Provided by the SAO/NASA Astrophysics Data System}
}

% Licquia & Newman (2015) 
@ARTICLE{Licquia2015,
       author = {{Licquia}, Timothy C. and {Newman}, Jeffrey A.},
        title = "{Improved Estimates of the Milky Way's Stellar Mass and Star Formation Rate from Hierarchical Bayesian Meta-Analysis}",
      journal = {\apj},
     keywords = {Galaxy: bulge, Galaxy: disk, Galaxy: fundamental parameters, Galaxy: stellar content, methods: statistical, stars: formation, Astrophysics - Astrophysics of Galaxies},
         year = 2015,
        month = jun,
       volume = {806},
       number = {1},
          eid = {96},
        pages = {96},
          doi = {10.1088/0004-637X/806/1/96},
archivePrefix = {arXiv},
       eprint = {1407.1078},
 primaryClass = {astro-ph.GA},
       adsurl = {https://ui.adsabs.harvard.edu/abs/2015ApJ...806...96L},
      adsnote = {Provided by the SAO/NASA Astrophysics Data System}
}

% Liu et al. (2015) 
@ARTICLE{Liu2015,
       author = {{Liu}, L. and {Gao}, Y. and {Greve}, T.~R.},
        title = "{The Global Star Formation Laws of Galaxies from a Radio Continuum Perspective}",
      journal = {\apj},
     keywords = {galaxies: evolution, galaxies: ISM, galaxies: spiral, galaxies: starburst, stars: formation, Astrophysics - Astrophysics of Galaxies},
         year = 2015,
        month = may,
       volume = {805},
       number = {1},
          eid = {31},
        pages = {31},
          doi = {10.1088/0004-637X/805/1/31},
archivePrefix = {arXiv},
       eprint = {1502.08001},
 primaryClass = {astro-ph.GA},
       adsurl = {https://ui.adsabs.harvard.edu/abs/2015ApJ...805...31L},
      adsnote = {Provided by the SAO/NASA Astrophysics Data System}
}

% Loebman et al. (2012)
@ARTICLE{Loebman2012,
       author = {{Loebman}, Sarah R. and {Ivezi{\'c}}, {\v{Z}}eljko and
         {Quinn}, Thomas R. and {Governato}, Fabio and {Brooks}, Alyson M. and
         {Christensen}, Charlotte R. and {Juri{\'c}}, Mario},
        title = "{Constraints on the Shape of the Milky Way Dark Matter Halo from Jeans Equations Applied to Sloan Digital Sky Survey Data}",
      journal = {\apjl},
     keywords = {Galaxy: general, Galaxy: halo, Galaxy: kinematics and dynamics, Galaxy: structure, stars: kinematics and dynamics, stars: statistics, Astrophysics - Astrophysics of Galaxies, Astrophysics - Cosmology and Nongalactic Astrophysics},
         year = 2012,
        month = oct,
       volume = {758},
       number = {1},
          eid = {L23},
        pages = {L23},
          doi = {10.1088/2041-8205/758/1/L23},
archivePrefix = {arXiv},
       eprint = {1209.2708},
 primaryClass = {astro-ph.GA},
       adsurl = {https://ui.adsabs.harvard.edu/abs/2012ApJ...758L..23L},
      adsnote = {Provided by the SAO/NASA Astrophysics Data System}
}

% Loebman et al. (2014) 
@ARTICLE{Loebman2014,
       author = {{Loebman}, Sarah R. and {Ivezi{\'c}}, {\v{Z}}eljko and
         {Quinn}, Thomas R. and {Bovy}, Jo and {Christensen}, Charlotte R. and
         {Juri{\'c}}, Mario and {Ro{\v{s}}kar}, Rok and {Brooks}, Alyson M. and
         {Governato}, Fabio},
        title = "{The Milky Way Tomography with Sloan Digital Sky Survey. V. Mapping the Dark Matter Halo}",
      journal = {\apj},
     keywords = {Galaxy: general, Galaxy: halo, Galaxy: kinematics and dynamics, Galaxy: structure, stars: kinematics and dynamics, stars: statistics, Astrophysics - Astrophysics of Galaxies, Astrophysics - Solar and Stellar Astrophysics, Physics - Space Physics},
         year = 2014,
        month = oct,
       volume = {794},
       number = {2},
          eid = {151},
        pages = {151},
          doi = {10.1088/0004-637X/794/2/151},
archivePrefix = {arXiv},
       eprint = {1408.5388},
 primaryClass = {astro-ph.GA},
       adsurl = {https://ui.adsabs.harvard.edu/abs/2014ApJ...794..151L},
      adsnote = {Provided by the SAO/NASA Astrophysics Data System}
}

% Mackereth et al. (2018) 
@ARTICLE{Mackereth2018,
       author = {{Mackereth}, J. Ted and {Crain}, Robert A. and {Schiavon}, Ricardo P. and
         {Schaye}, Joop and {Theuns}, Tom and {Schaller}, Matthieu},
        title = "{The origin of diverse {\ensuremath{\alpha}}-element abundances in galaxy discs}",
      journal = {\mnras},
     keywords = {Galaxy: abundances, Galaxy: disc, Galaxy: formation, galaxies: evolution, galaxies: stellar content, Astrophysics - Astrophysics of Galaxies},
         year = 2018,
        month = jul,
       volume = {477},
       number = {4},
        pages = {5072-5089},
          doi = {10.1093/mnras/sty972},
archivePrefix = {arXiv},
       eprint = {1801.03593},
 primaryClass = {astro-ph.GA},
       adsurl = {https://ui.adsabs.harvard.edu/abs/2018MNRAS.477.5072M},
      adsnote = {Provided by the SAO/NASA Astrophysics Data System}
}

% Majewski et al. (2017) APOGEE paper 
@ARTICLE{Majewski2017,
       author = {{Majewski}, Steven R. and {Schiavon}, Ricardo P. and
         {Frinchaboy}, Peter M. and {Allende Prieto}, Carlos and
         {Barkhouser}, Robert and {Bizyaev}, Dmitry and {Blank}, Basil and
         {Brunner}, Sophia and {Burton}, Adam and {Carrera}, Ricardo and
         {Chojnowski}, S. Drew and {Cunha}, K{\'a}tia and {Epstein}, Courtney and
         {Fitzgerald}, Greg and {Garc{\'\i}a P{\'e}rez}, Ana E. and
         {Hearty}, Fred R. and {Henderson}, Chuck and {Holtzman}, Jon A. and
         {Johnson}, Jennifer A. and {Lam}, Charles R. and {Lawler}, James E. and
         {Maseman}, Paul and {M{\'e}sz{\'a}ros}, Szabolcs and {Nelson}, Matthew and
         {Nguyen}, Duy Coung and {Nidever}, David L. and {Pinsonneault}, Marc and
         {Shetrone}, Matthew and {Smee}, Stephen and {Smith}, Verne V. and
         {Stolberg}, Todd and {Skrutskie}, Michael F. and {Walker}, Eric and
         {Wilson}, John C. and {Zasowski}, Gail and {Anders}, Friedrich and
         {Basu}, Sarbani and {Beland}, Stephane and {Blanton}, Michael R. and
         {Bovy}, Jo and {Brownstein}, Joel R. and {Carlberg}, Joleen and
         {Chaplin}, William and {Chiappini}, Cristina and
         {Eisenstein}, Daniel J. and {Elsworth}, Yvonne and {Feuillet}, Diane and
         {Fleming}, Scott W. and {Galbraith-Frew}, Jessica and
         {Garc{\'\i}a}, Rafael A. and
         {Garc{\'\i}a-Hern{\'a}ndez}, D. An{\'\i}bal and {Gillespie}, Bruce A. and
         {Girardi}, L{\'e}o and {Gunn}, James E. and {Hasselquist}, Sten and
         {Hayden}, Michael R. and {Hekker}, Saskia and {Ivans}, Inese and
         {Kinemuchi}, Karen and {Klaene}, Mark and {Mahadevan}, Suvrath and
         {Mathur}, Savita and {Mosser}, Beno{\^\i}t and {Muna}, Demitri and
         {Munn}, Jeffrey A. and {Nichol}, Robert C. and {O'Connell}, Robert W. and
         {Parejko}, John K. and {Robin}, A.~C. and {Rocha-Pinto}, Helio and
         {Schultheis}, Matthias and {Serenelli}, Aldo M. and {Shane}, Neville and
         {Silva Aguirre}, Victor and {Sobeck}, Jennifer S. and
         {Thompson}, Benjamin and {Troup}, Nicholas W. and {Weinberg}, David H. and
         {Zamora}, Olga},
        title = "{The Apache Point Observatory Galactic Evolution Experiment (APOGEE)}",
      journal = {\aj},
     keywords = {Galaxy: abundances, Galaxy: evolution, Galaxy: formation, Galaxy: kinematics and dynamics, Galaxy: stellar content, Galaxy: structure, Astrophysics - Instrumentation and Methods for Astrophysics, Astrophysics - Astrophysics of Galaxies},
         year = 2017,
        month = sep,
       volume = {154},
       number = {3},
          eid = {94},
        pages = {94},
          doi = {10.3847/1538-3881/aa784d},
archivePrefix = {arXiv},
       eprint = {1509.05420},
 primaryClass = {astro-ph.IM},
       adsurl = {https://ui.adsabs.harvard.edu/abs/2017AJ....154...94M},
      adsnote = {Provided by the SAO/NASA Astrophysics Data System}
}

% Maoz & Graur (2017)
@ARTICLE{Maoz2017,
       author = {{Maoz}, Dan and {Graur}, Or},
        title = "{Star Formation, Supernovae, Iron, and {\ensuremath{\alpha}}: Consistent Cosmic and Galactic Histories}",
      journal = {\apj},
     keywords = {nuclear reactions, nucleosynthesis, abundances, supernovae: general, Astrophysics - High Energy Astrophysical Phenomena, Astrophysics - Cosmology and Nongalactic Astrophysics, Astrophysics - Astrophysics of Galaxies},
         year = "2017",
        month = "Oct",
       volume = {848},
       number = {1},
          eid = {25},
        pages = {25},
          doi = {10.3847/1538-4357/aa8b6e},
archivePrefix = {arXiv},
       eprint = {1703.04540},
 primaryClass = {astro-ph.HE},
       adsurl = {https://ui.adsabs.harvard.edu/abs/2017ApJ...848...25M},
      adsnote = {Provided by the SAO/NASA Astrophysics Data System}
}

% Maoz & Mannucci (2012) 
@ARTICLE{Maoz2012,
   author = {{Maoz}, D. and {Mannucci}, F.},
    title = "{Type-Ia Supernova Rates and the Progenitor Problem: A Review}",
  journal = {\pasa},
archivePrefix = "arXiv",
   eprint = {1111.4492},
 keywords = {supernovae: white dwarfs},
     year = 2012,
    month = jan,
   volume = 29,
    pages = {447-465},
      doi = {10.1071/AS11052},
   adsurl = {https://ui.adsabs.harvard.edu/abs/2012PASA...29..447M},
  adsnote = {Provided by the SAO/NASA Astrophysics Data System}
}

% Martig et al. (2016) 
@ARTICLE{Martig2016,
       author = {{Martig}, Marie and {Fouesneau}, Morgan and {Rix}, Hans-Walter and
         {Ness}, Melissa and {M{\'e}sz{\'a}ros}, Szabolcs and
         {Garc{\'\i}a-Hern{\'a}ndez}, D.~A. and {Pinsonneault}, Marc and
         {Serenelli}, Aldo and {Silva Aguirre}, Victor and {Zamora}, Olga},
        title = "{Red giant masses and ages derived from carbon and nitrogen abundances}",
      journal = {\mnras},
     keywords = {stars: abundances, stars: evolution, stars: fundamental parameters, Astrophysics - Solar and Stellar Astrophysics, Astrophysics - Astrophysics of Galaxies},
         year = "2016",
        month = "Mar",
       volume = {456},
       number = {4},
        pages = {3655-3670},
          doi = {10.1093/mnras/stv2830},
archivePrefix = {arXiv},
       eprint = {1511.08203},
 primaryClass = {astro-ph.SR},
       adsurl = {https://ui.adsabs.harvard.edu/abs/2016MNRAS.456.3655M},
      adsnote = {Provided by the SAO/NASA Astrophysics Data System}
}

% Hunter (2007) 
@Article{Matplotlib,
  Author    = {Hunter, J. D.},
  Title     = {Matplotlib: A 2D graphics environment},
  Journal   = {Computing in Science \& Engineering},
  Volume    = {9},
  Number    = {3},
  Pages     = {90--95},
  abstract  = {Matplotlib is a 2D graphics package used for Python for
  application development, interactive scripting, and publication-quality
  image generation across user interfaces and operating systems.},
  publisher = {IEEE COMPUTER SOC},
  doi       = {10.1109/MCSE.2007.55},
  year      = 2007
}

% Matteucci & Francois (1989) 
@ARTICLE{Matteucci1989,
       author = {{Matteucci}, F. and {Francois}, P.},
        title = "{Galactic chemical evolution : abundance gradients of individual elements.}",
      journal = {\mnras},
     keywords = {Abundance, Chemical Evolution, Galactic Evolution, Milky Way Galaxy, Astronomical Models, Chemical Composition, Gas Composition, Nuclear Fusion, Solar Neighborhood, Star Formation Rate, Astrophysics},
         year = 1989,
        month = aug,
       volume = {239},
        pages = {885-904},
          doi = {10.1093/mnras/239.3.885},
       adsurl = {https://ui.adsabs.harvard.edu/abs/1989MNRAS.239..885M},
      adsnote = {Provided by the SAO/NASA Astrophysics Data System}
}

% Melioli et al. (2008) 
@ARTICLE{Melioli2008,
       author = {{Melioli}, C. and {Brighenti}, F. and {D'Ercole}, A. and {de Gouveia Dal Pino}, E.~M.},
        title = "{Hydrodynamical simulations of Galactic fountains - I. Evolution of single fountains}",
      journal = {\mnras},
     keywords = {hydrodynamics, methods: numerical, ISM: bubbles, ISM: clouds, Galaxy: disc, Galaxy: general, Astrophysics},
         year = 2008,
        month = aug,
       volume = {388},
       number = {2},
        pages = {573-586},
          doi = {10.1111/j.1365-2966.2008.13446.x},
archivePrefix = {arXiv},
       eprint = {0805.1138},
 primaryClass = {astro-ph},
       adsurl = {https://ui.adsabs.harvard.edu/abs/2008MNRAS.388..573M},
      adsnote = {Provided by the SAO/NASA Astrophysics Data System}
}

% Melioli et al. (2009) 
@ARTICLE{Melioli2009,
       author = {{Melioli}, C. and {Brighenti}, F. and {D'Ercole}, A. and {de Gouveia Dal Pino}, E.~M.},
        title = "{Hydrodynamical simulations of Galactic fountains - II. Evolution of multiple fountains}",
      journal = {\mnras},
     keywords = {hydrodynamics, methods: numerical, ISM: bubbles, ISM: clouds, Galaxy: disc, Galaxy: general, Astrophysics - Astrophysics of Galaxies},
         year = 2009,
        month = nov,
       volume = {399},
       number = {3},
        pages = {1089-1105},
          doi = {10.1111/j.1365-2966.2009.14725.x},
archivePrefix = {arXiv},
       eprint = {0903.0720},
 primaryClass = {astro-ph.GA},
       adsurl = {https://ui.adsabs.harvard.edu/abs/2009MNRAS.399.1089M},
      adsnote = {Provided by the SAO/NASA Astrophysics Data System}
}

% Meszaros et al. (2012) 
@ARTICLE{Meszaros2012,
       author = {{M{\'e}sz{\'a}ros}, Sz. and {Allende Prieto}, C. and {Edvardsson}, B. and
         {Castelli}, F. and {Garc{\'\i}a P{\'e}rez}, A.~E. and {Gustafsson}, B. and
         {Majewski}, S.~R. and {Plez}, B. and {Schiavon}, R. and {Shetrone}, M. and
         {de Vicente}, A.},
        title = "{New ATLAS9 and MARCS Model Atmosphere Grids for the Apache Point Observatory Galactic Evolution Experiment (APOGEE)}",
      journal = {\aj},
     keywords = {astrochemistry, radiative transfer, stars: atmospheres, surveys, Astrophysics - Solar and Stellar Astrophysics},
         year = 2012,
        month = oct,
       volume = {144},
       number = {4},
          eid = {120},
        pages = {120},
          doi = {10.1088/0004-6256/144/4/120},
archivePrefix = {arXiv},
       eprint = {1208.1916},
 primaryClass = {astro-ph.SR},
       adsurl = {https://ui.adsabs.harvard.edu/abs/2012AJ....144..120M},
      adsnote = {Provided by the SAO/NASA Astrophysics Data System}
}

% Minchev et al. (2013) 
@ARTICLE{Minchev2013,
       author = {{Minchev}, I. and {Chiappini}, C. and {Martig}, M.},
        title = "{Chemodynamical evolution of the Milky Way disk. I. The solar vicinity}",
      journal = {\aap},
     keywords = {Galaxy: kinematics and dynamics, galaxies: evolution, Galaxy: evolution, Galaxy: abundances, solar neighborhood, Galaxy: formation, Astrophysics - Astrophysics of Galaxies, Astrophysics - Cosmology and Nongalactic Astrophysics},
         year = 2013,
        month = oct,
       volume = {558},
          eid = {A9},
        pages = {A9},
          doi = {10.1051/0004-6361/201220189},
archivePrefix = {arXiv},
       eprint = {1208.1506},
 primaryClass = {astro-ph.GA},
       adsurl = {https://ui.adsabs.harvard.edu/abs/2013A&A...558A...9M},
      adsnote = {Provided by the SAO/NASA Astrophysics Data System}
}

% Minchev et al. (2014) 
@ARTICLE{Minchev2014,
       author = {{Minchev}, I. and {Chiappini}, C. and {Martig}, M.},
        title = "{Chemodynamical evolution of the Milky Way disk. II. Variations with Galactic radius and height above the disk plane}",
      journal = {\aap},
     keywords = {Galaxy: kinematics and dynamics, galaxies: evolution, Galaxy: abundances, Galaxy: formation, Galaxy: evolution, Galaxy: disk, Astrophysics - Astrophysics of Galaxies, Astrophysics - Cosmology and Nongalactic Astrophysics},
         year = 2014,
        month = dec,
       volume = {572},
          eid = {A92},
        pages = {A92},
          doi = {10.1051/0004-6361/201423487},
archivePrefix = {arXiv},
       eprint = {1401.5796},
 primaryClass = {astro-ph.GA},
       adsurl = {https://ui.adsabs.harvard.edu/abs/2014A&A...572A..92M},
      adsnote = {Provided by the SAO/NASA Astrophysics Data System}
}

% Minchev et al. (2017) 
@ARTICLE{Minchev2017,
       author = {{Minchev}, I. and {Steinmetz}, M. and {Chiappini}, C. and {Martig}, M. and
         {Anders}, F. and {Matijevic}, G. and {de Jong}, R.~S.},
        title = "{The Relationship between Mono-abundance and Mono-age Stellar Populations in the Milky Way Disk}",
      journal = {\apj},
     keywords = {galaxies: formation, galaxies: kinematics and dynamics, galaxies: structure, Galaxy: abundances, Galaxy: disk, Galaxy: evolution, Astrophysics - Astrophysics of Galaxies},
         year = 2017,
        month = jan,
       volume = {834},
       number = {1},
          eid = {27},
        pages = {27},
          doi = {10.3847/1538-4357/834/1/27},
archivePrefix = {arXiv},
       eprint = {1608.04737},
 primaryClass = {astro-ph.GA},
       adsurl = {https://ui.adsabs.harvard.edu/abs/2017ApJ...834...27M},
      adsnote = {Provided by the SAO/NASA Astrophysics Data System}
}

% Mor et al. (2019) 
@ARTICLE{Mor2019,
       author = {{Mor}, R. and {Robin}, A.~C. and {Figueras}, F. and
         {Roca-F{\`a}brega}, S. and {Luri}, X.},
        title = "{Gaia DR2 reveals a star formation burst in the disc 2-3 Gyr ago}",
      journal = {\aap},
     keywords = {Galaxy: evolution, Galaxy: disk, Galaxy: stellar content, Hertzsprung-Russell and C-M diagrams, stars: luminosity function, mass function, galaxies: interactions, Astrophysics - Astrophysics of Galaxies},
         year = "2019",
        month = "Apr",
       volume = {624},
          eid = {L1},
        pages = {L1},
          doi = {10.1051/0004-6361/201935105},
archivePrefix = {arXiv},
       eprint = {1901.07564},
 primaryClass = {astro-ph.GA},
       adsurl = {https://ui.adsabs.harvard.edu/abs/2019A&A...624L...1M},
      adsnote = {Provided by the SAO/NASA Astrophysics Data System}
}

% Navarro, Frenk & White (1997)
@ARTICLE{NFW1997,
   author = {{Navarro}, J.~F. and {Frenk}, C.~S. and {White}, S.~D.~M.},
    title = "{A Universal Density Profile from Hierarchical Clustering}",
  journal = {\apj},
   eprint = {astro-ph/9611107},
 keywords = {Cosmology: Theory, Cosmology: Dark Matter, Galaxies: Halos, Methods: Numerical},
     year = 1997,
    month = dec,
   volume = 490,
    pages = {493-508},
      doi = {10.1086/304888},
   adsurl = {http://adsabs.harvard.edu/abs/1997ApJ...490..493N},
  adsnote = {Provided by the SAO/NASA Astrophysics Data System}
}

% Nidever et al. (2014) 
@ARTICLE{Nidever2014, 
       author = {{Nidever}, David L. and {Bovy}, Jo and {Bird}, Jonathan C. and
         {Andrews}, Brett H. and {Hayden}, Michael and {Holtzman}, Jon and
         {Majewski}, Steven R. and {Smith}, Verne and {Robin}, Annie C. and
         {Garc{\'\i}a P{\'e}rez}, Ana E. and {Cunha}, Katia and
         {Allende Prieto}, Carlos and {Zasowski}, Gail and
         {Schiavon}, Ricardo P. and {Johnson}, Jennifer A. and
         {Weinberg}, David H. and {Feuillet}, Diane and {Schneider}, Donald P. and
         {Shetrone}, Matthew and {Sobeck}, Jennifer and
         {Garc{\'\i}a-Hern{\'a}ndez}, D.~A. and {Zamora}, O. and
         {Rix}, Hans-Walter and {Beers}, Timothy C. and {Wilson}, John C. and
         {O'Connell}, Robert W. and {Minchev}, Ivan and {Chiappini}, Cristina and
         {Anders}, Friedrich and {Bizyaev}, Dmitry and {Brewington}, Howard and
         {Ebelke}, Garrett and {Frinchaboy}, Peter M. and {Ge}, Jian and
         {Kinemuchi}, Karen and {Malanushenko}, Elena and
         {Malanushenko}, Viktor and {Marchante}, Moses and
         {M{\'e}sz{\'a}ros}, Szabolcs and {Oravetz}, Daniel and {Pan}, Kaike and
         {Simmons}, Audrey and {Skrutskie}, Michael F.},
        title = "{Tracing Chemical Evolution over the Extent of the Milky Way's Disk with APOGEE Red Clump Stars}",
      journal = {\apj},
     keywords = {Galaxy: abundances, Galaxy: disk, Galaxy: evolution, Galaxy: stellar content, Galaxy: structure, surveys, Astrophysics - Astrophysics of Galaxies},
         year = 2014,
        month = nov,
       volume = {796},
       number = {1},
          eid = {38},
        pages = {38},
          doi = {10.1088/0004-637X/796/1/38},
archivePrefix = {arXiv},
       eprint = {1409.3566},
 primaryClass = {astro-ph.GA},
       adsurl = {https://ui.adsabs.harvard.edu/abs/2014ApJ...796...38N},
      adsnote = {Provided by the SAO/NASA Astrophysics Data System}
}

% Nidever et al. (2015) 
@ARTICLE{Nidever2015,
       author = {{Nidever}, David L. and {Holtzman}, Jon A. and {Allende Prieto}, Carlos and
         {Beland}, Stephane and {Bender}, Chad and {Bizyaev}, Dmitry and
         {Burton}, Adam and {Desphande}, Rohit and {Fleming}, Scott W. and
         {Garc{\'\i}a P{\'e}rez}, Ana E. and {Hearty}, Fred R. and
         {Majewski}, Steven R. and {M{\'e}sz{\'a}ros}, Szabolcs and
         {Muna}, Demitri and {Nguyen}, Duy and {Schiavon}, Ricardo P. and
         {Shetrone}, Matthew and {Skrutskie}, Michael F. and
         {Sobeck}, Jennifer S. and {Wilson}, John C.},
        title = "{The Data Reduction Pipeline for the Apache Point Observatory Galactic Evolution Experiment}",
      journal = {\aj},
     keywords = {galaxies: abundances, galaxies: halos, galaxies: kinematics and dynamics, Local Group, methods: data analysis, techniques: image processing, Astrophysics - Instrumentation and Methods for Astrophysics, Astrophysics - Astrophysics of Galaxies},
         year = 2015,
        month = dec,
       volume = {150},
       number = {6},
          eid = {173},
        pages = {173},
          doi = {10.1088/0004-6256/150/6/173},
archivePrefix = {arXiv},
       eprint = {1501.03742},
 primaryClass = {astro-ph.IM},
       adsurl = {https://ui.adsabs.harvard.edu/abs/2015AJ....150..173N},
      adsnote = {Provided by the SAO/NASA Astrophysics Data System}
}

% Noguchi (2018) 
@ARTICLE{Noguchi2018,
       author = {{Noguchi}, Masafumi},
        title = "{The formation of solar-neighbourhood stars in two generations separated by 5 billion years}",
      journal = {\nat},
     keywords = {Astrophysics - Astrophysics of Galaxies},
         year = 2018,
        month = jul,
       volume = {559},
       number = {7715},
        pages = {585-588},
          doi = {10.1038/s41586-018-0329-2},
archivePrefix = {arXiv},
       eprint = {1809.02299},
 primaryClass = {astro-ph.GA},
       adsurl = {https://ui.adsabs.harvard.edu/abs/2018Natur.559..585N},
      adsnote = {Provided by the SAO/NASA Astrophysics Data System}
}

% Nordstroem et al. (2004a) 
@ARTICLE{Nordstroem2004a,
       author = {{Nordstr{\"o}m}, B. and {Mayor}, M. and {Andersen}, J. and
         {Holmberg}, J. and {Pont}, F. and {J{\o}rgensen}, B.~R. and
         {Olsen}, E.~H. and {Udry}, S. and {Mowlavi}, N.},
        title = "{The Geneva-Copenhagen survey of the Solar neighbourhood. Ages, metallicities, and kinematic properties of {\ensuremath{\sim}}14 000 F and G dwarfs}",
      journal = {\aap},
     keywords = {Galaxy: disk, Galaxy: solar neighbourhood, Galaxy: stellar content, Galaxy: kinematics and dynamics, Galaxy: evolution, stars: fundamental parameters, Astrophysics},
         year = 2004,
        month = may,
       volume = {418},
        pages = {989-1019},
          doi = {10.1051/0004-6361:20035959},
archivePrefix = {arXiv},
       eprint = {astro-ph/0405198},
 primaryClass = {astro-ph},
       adsurl = {https://ui.adsabs.harvard.edu/abs/2004A&A...418..989N},
      adsnote = {Provided by the SAO/NASA Astrophysics Data System}
}

% Nordstroem et al. (2004b) 
@ARTICLE{Nordstroem2004b,
       author = {{Nordstr{\"o}m}, B. and {Andersen}, J. and {Holmberg}, J. and
         {J{\o}rgensen}, B.~R. and {Mayor}, M. and {Pont}, F.},
        title = "{The Geneva-Copenhagen Survey of the Solar Neighbourhood}",
      journal = {\pasa},
     keywords = {Galaxy: solar neighbourhood, Galaxy: disk, Galaxy: kinematics and dynamics, Galaxy: evolution},
         year = 2004,
        month = jan,
       volume = {21},
       number = {2},
        pages = {129-133},
          doi = {10.1071/AS04013},
       adsurl = {https://ui.adsabs.harvard.edu/abs/2004PASA...21..129N},
      adsnote = {Provided by the SAO/NASA Astrophysics Data System}
}

% Harris et al. (2020) 
@Article{NumPy,
 title         = {Array programming with {NumPy}},
 author        = {Charles R. Harris and K. Jarrod Millman and St{'{e}}fan J.
                 van der Walt and Ralf Gommers and Pauli Virtanen and David
                 Cournapeau and Eric Wieser and Julian Taylor and Sebastian
                 Berg and Nathaniel J. Smith and Robert Kern and Matti Picus
                 and Stephan Hoyer and Marten H. van Kerkwijk and Matthew
                 Brett and Allan Haldane and Jaime Fern{'{a}}ndez del
                 R{'{\i}}o and Mark Wiebe and Pearu Peterson and Pierre
                 G{'{e}}rard-Marchant and Kevin Sheppard and Tyler Reddy and
                 Warren Weckesser and Hameer Abbasi and Christoph Gohlke and
                 Travis E. Oliphant},
 year          = {2020},
 month         = sep,
 journal       = {Nature},
 volume        = {585},
 number        = {7825},
 pages         = {357--362},
 doi           = {10.1038/s41586-020-2649-2},
 publisher     = {Springer Science and Business Media {LLC}},
 url           = {https://doi.org/10.1038/s41586-020-2649-2}
}

% Pagel & Patchett (1975) 
@ARTICLE{Pagel1975,
       author = {{Pagel}, B.~E.~J. and {Patchett}, B.~E.},
        title = "{Metal abundances in nearby stars and the chemical history of the solar neighbourhood.}",
      journal = {\mnras},
     keywords = {Abundance, Astronomical Models, Galactic Evolution, Heavy Elements, Stellar Evolution, Age Factor, Chemical Composition, Dwarf Stars, G Stars, Interstellar Matter, Mathematical Models, Metallic Stars, Metals, Solar System, Stellar Mass Ejection, Astrophysics},
         year = 1975,
        month = jul,
       volume = {172},
        pages = {13-40},
          doi = {10.1093/mnras/172.1.13},
       adsurl = {https://ui.adsabs.harvard.edu/abs/1975MNRAS.172...13P},
      adsnote = {Provided by the SAO/NASA Astrophysics Data System}
}

% Peek (2009) 
@ARTICLE{Peek2009,
       author = {{Peek}, J.~E.~G.},
        title = "{Hitting the Bull's-Eye: The Radial Profile of Accretion and Star Formation in the Milky Way}",
      journal = {\apj},
     keywords = {galaxies: dwarf, galaxies: interactions, Galaxy: evolution, Galaxy: halo, ISM: clouds, stars: formation, Astrophysics - Galaxy Astrophysics, Astrophysics - Cosmology and Extragalactic Astrophysics},
         year = 2009,
        month = jun,
       volume = {698},
       number = {2},
        pages = {1429-1436},
          doi = {10.1088/0004-637X/698/2/1429},
archivePrefix = {arXiv},
       eprint = {0904.2000},
 primaryClass = {astro-ph.GA},
       adsurl = {https://ui.adsabs.harvard.edu/abs/2009ApJ...698.1429P},
      adsnote = {Provided by the SAO/NASA Astrophysics Data System}
}

% Pejcha & Thompson (2015) 
@ARTICLE{Pejcha2015,
       author = {{Pejcha}, Ond{\v{r}}ej and {Thompson}, Todd A.},
        title = "{The Landscape of the Neutrino Mechanism of Core-collapse Supernovae: Neutron Star and Black Hole Mass Functions, Explosion Energies, and Nickel Yields}",
      journal = {\apj},
     keywords = {shock waves, stars: black holes, stars: neutron, supernovae: general, Astrophysics - High Energy Astrophysical Phenomena},
         year = 2015,
        month = mar,
       volume = {801},
       number = {2},
          eid = {90},
        pages = {90},
          doi = {10.1088/0004-637X/801/2/90},
archivePrefix = {arXiv},
       eprint = {1409.0540},
 primaryClass = {astro-ph.HE},
       adsurl = {https://ui.adsabs.harvard.edu/abs/2015ApJ...801...90P},
      adsnote = {Provided by the SAO/NASA Astrophysics Data System}
}

% Pinsonneault et al. (2014) 
@ARTICLE{Pinsonneault2014,
       author = {{Pinsonneault}, Marc H. and {Elsworth}, Yvonne and {Epstein}, Courtney and
         {Hekker}, Saskia and {M{\'e}sz{\'a}ros}, Sz. and {Chaplin}, William J. and
         {Johnson}, Jennifer A. and {Garc{\'\i}a}, Rafael A. and
         {Holtzman}, Jon and {Mathur}, Savita and {Garc{\'\i}a P{\'e}rez}, Ana and
         {Silva Aguirre}, Victor and {Girardi}, L{\'e}o and {Basu}, Sarbani and
         {Shetrone}, Matthew and {Stello}, Dennis and {Allende Prieto}, Carlos and
         {An}, Deokkeun and {Beck}, Paul and {Beers}, Timothy C. and
         {Bizyaev}, Dmitry and {Bloemen}, Steven and {Bovy}, Jo and
         {Cunha}, Katia and {De Ridder}, Joris and {Frinchaboy}, Peter M. and
         {Garc{\'\i}a-Hern{\'a}ndez}, D.~A. and {Gilliland}, Ronald and
         {Harding}, Paul and {Hearty}, Fred R. and {Huber}, Daniel and
         {Ivans}, Inese and {Kallinger}, Thomas and {Majewski}, Steven R. and
         {Metcalfe}, Travis S. and {Miglio}, Andrea and {Mosser}, Benoit and
         {Muna}, Demitri and {Nidever}, David L. and {Schneider}, Donald P. and
         {Serenelli}, Aldo and {Smith}, Verne V. and {Tayar}, Jamie and
         {Zamora}, Olga and {Zasowski}, Gail},
        title = "{The APOKASC Catalog: An Asteroseismic and Spectroscopic Joint Survey of Targets in the Kepler Fields}",
      journal = {\apjs},
     keywords = {catalogs, stars: abundances, stars: fundamental parameters, stars: oscillations: including pulsations, surveys, Astrophysics - Solar and Stellar Astrophysics},
         year = 2014,
        month = dec,
       volume = {215},
       number = {2},
          eid = {19},
        pages = {19},
          doi = {10.1088/0067-0049/215/2/19},
archivePrefix = {arXiv},
       eprint = {1410.2503},
 primaryClass = {astro-ph.SR},
       adsurl = {https://ui.adsabs.harvard.edu/abs/2014ApJS..215...19P},
      adsnote = {Provided by the SAO/NASA Astrophysics Data System}
}

% Recio-Blanco et al. (2014) 
@ARTICLE{Recio-Blanco2014,
       author = {{Recio-Blanco}, A. and {de Laverny}, P. and {Kordopatis}, G. and
         {Helmi}, A. and {Hill}, V. and {Gilmore}, G. and {Wyse}, R. and
         {Adibekyan}, V. and {Randich}, S. and {Asplund}, M. and {Feltzing}, S. and
         {Jeffries}, R. and {Micela}, G. and {Vallenari}, A. and {Alfaro}, E. and
         {Allende Prieto}, C. and {Bensby}, T. and {Bragaglia}, A. and
         {Flaccomio}, E. and {Koposov}, S.~E. and {Korn}, A. and
         {Lanzafame}, A. and {Pancino}, E. and {Smiljanic}, R. and
         {Jackson}, R. and {Lewis}, J. and {Magrini}, L. and {Morbidelli}, L. and
         {Prisinzano}, L. and {Sacco}, G. and {Worley}, C.~C. and
         {Hourihane}, A. and {Bergemann}, M. and {Costado}, M.~T. and
         {Heiter}, U. and {Joffre}, P. and {Lardo}, C. and {Lind}, K. and
         {Maiorca}, E.},
        title = "{The Gaia-ESO Survey: the Galactic thick to thin disc transition}",
      journal = {\aap},
     keywords = {Galaxy: abundances, Galaxy: disk, Galaxy: stellar content, stars: abundances, Astrophysics - Astrophysics of Galaxies},
         year = 2014,
        month = jul,
       volume = {567},
          eid = {A5},
        pages = {A5},
          doi = {10.1051/0004-6361/201322944},
archivePrefix = {arXiv},
       eprint = {1403.7568},
 primaryClass = {astro-ph.GA},
       adsurl = {https://ui.adsabs.harvard.edu/abs/2014A&A...567A...5R},
      adsnote = {Provided by the SAO/NASA Astrophysics Data System}
}

% Rojas-Arriagada et al. (2016) 
@ARTICLE{Rojas-Arriagada2016,
       author = {{Rojas-Arriagada}, A. and {Recio-Blanco}, A. and {de Laverny}, P. and
         {Schultheis}, M. and {Guiglion}, G. and {Mikolaitis}, {\v{S}}. and
         {Kordopatis}, G. and {Hill}, V. and {Gilmore}, G. and {Randich}, S. and
         {Alfaro}, E.~J. and {Bensby}, T. and {Koposov}, S.~E. and
         {Costado}, M.~T. and {Franciosini}, E. and {Hourihane}, A. and
         {Jofr{\'e}}, P. and {Lardo}, C. and {Lewis}, J. and {Lind}, K. and
         {Magrini}, L. and {Monaco}, L. and {Morbidelli}, L. and {Sacco}, G.~G. and
         {Worley}, C.~C. and {Zaggia}, S. and {Chiappini}, C.},
        title = "{The Gaia-ESO Survey: Separating disk chemical substructures with cluster models. Evidence of a separate evolution in the metal-poor thin disk}",
      journal = {\aap},
     keywords = {Galaxy: formation, Galaxy: abundances, Galaxy: stellar content, stars: abundances, Astrophysics - Astrophysics of Galaxies},
         year = 2016,
        month = feb,
       volume = {586},
          eid = {A39},
        pages = {A39},
          doi = {10.1051/0004-6361/201526969},
archivePrefix = {arXiv},
       eprint = {1512.03835},
 primaryClass = {astro-ph.GA},
       adsurl = {https://ui.adsabs.harvard.edu/abs/2016A&A...586A..39R},
      adsnote = {Provided by the SAO/NASA Astrophysics Data System}
}

% Rojas-Arriagada et al. (2017) 
@ARTICLE{Rojas-Arriagada2017,
       author = {{Rojas-Arriagada}, A. and {Recio-Blanco}, A. and {de Laverny}, P. and
         {Mikolaitis}, {\v{S}}. and {Matteucci}, F. and {Spitoni}, E. and
         {Schultheis}, M. and {Hayden}, M. and {Hill}, V. and {Zoccali}, M. and
         {Minniti}, D. and {Gonzalez}, O.~A. and {Gilmore}, G. and {Rand
        ich}, S. and {Feltzing}, S. and {Alfaro}, E.~J. and {Babusiaux}, C. and
         {Bensby}, T. and {Bragaglia}, A. and {Flaccomio}, E. and
         {Koposov}, S.~E. and {Pancino}, E. and {Bayo}, A. and {Carraro}, G. and
         {Casey}, A.~R. and {Costado}, M.~T. and {Damiani}, F. and {Donati}, P. and
         {Franciosini}, E. and {Hourihane}, A. and {Jofr{\'e}}, P. and
         {Lardo}, C. and {Lewis}, J. and {Lind}, K. and {Magrini}, L. and
         {Morbidelli}, L. and {Sacco}, G.~G. and {Worley}, C.~C. and
         {Zaggia}, S.},
        title = "{The Gaia-ESO Survey: Exploring the complex nature and origins of the Galactic bulge populations}",
      journal = {\aap},
     keywords = {Galaxy: bulge, Galaxy: formation, Galaxy: abundances, Galaxy: stellar content, stars: abundances, Astrophysics - Astrophysics of Galaxies},
         year = 2017,
        month = may,
       volume = {601},
          eid = {A140},
        pages = {A140},
          doi = {10.1051/0004-6361/201629160},
archivePrefix = {arXiv},
       eprint = {1704.03325},
 primaryClass = {astro-ph.GA},
       adsurl = {https://ui.adsabs.harvard.edu/abs/2017A&A...601A.140R},
      adsnote = {Provided by the SAO/NASA Astrophysics Data System}
}

% Romano et al. (2010) 
@ARTICLE{Romano2010,
       author = {{Romano}, D. and {Karakas}, A.~I. and {Tosi}, M. and {Matteucci}, F.},
        title = "{Quantifying the uncertainties of chemical evolution studies. II. Stellar yields}",
      journal = {\aap},
     keywords = {Galaxy: abundances, Galaxy: evolution, nuclear reactions, nucleosynthesis, abundances, Astrophysics - Astrophysics of Galaxies},
         year = 2010,
        month = nov,
       volume = {522},
          eid = {A32},
        pages = {A32},
          doi = {10.1051/0004-6361/201014483},
archivePrefix = {arXiv},
       eprint = {1006.5863},
 primaryClass = {astro-ph.GA},
       adsurl = {https://ui.adsabs.harvard.edu/abs/2010A&A...522A..32R},
      adsnote = {Provided by the SAO/NASA Astrophysics Data System}
}

% Roskar et al. (2008a) 
@ARTICLE{Roskar2008a,
       author = {{Ro{\v{s}}kar}, Rok and {Debattista}, Victor P. and
         {Stinson}, Gregory S. and {Quinn}, Thomas R. and {Kaufmann}, Tobias and
         {Wadsley}, James},
        title = "{Beyond Inside-Out Growth: Formation and Evolution of Disk Outskirts}",
      journal = {\apjl},
     keywords = {galaxies: evolution, galaxies: formation, galaxies: photometry, galaxies: spiral, galaxies: structure, stellar dynamics, Astrophysics},
         year = 2008,
        month = mar,
       volume = {675},
       number = {2},
        pages = {L65},
          doi = {10.1086/586734},
archivePrefix = {arXiv},
       eprint = {0710.5523},
 primaryClass = {astro-ph},
       adsurl = {https://ui.adsabs.harvard.edu/abs/2008ApJ...675L..65R},
      adsnote = {Provided by the SAO/NASA Astrophysics Data System}
}

% Roskar et al. (2008b) 
@ARTICLE{Roskar2008b,
       author = {{Ro{\v{s}}kar}, Rok and {Debattista}, Victor P. and {Quinn}, Thomas R. and
         {Stinson}, Gregory S. and {Wadsley}, James},
        title = "{Riding the Spiral Waves: Implications of Stellar Migration for the Properties of Galactic Disks}",
      journal = {\apjl},
     keywords = {galaxies: evolution, galaxies: spiral, galaxies: stellar content, Galaxy: stellar content, solar neighborhood, stellar dynamics, Astrophysics},
         year = 2008,
        month = sep,
       volume = {684},
       number = {2},
        pages = {L79},
          doi = {10.1086/592231},
archivePrefix = {arXiv},
       eprint = {0808.0206},
 primaryClass = {astro-ph},
       adsurl = {https://ui.adsabs.harvard.edu/abs/2008ApJ...684L..79R},
      adsnote = {Provided by the SAO/NASA Astrophysics Data System}
}

% Salpeter (1955) 
@ARTICLE{Salpeter1955,
       author = {{Salpeter}, Edwin E.},
        title = "{The Luminosity Function and Stellar Evolution.}",
      journal = {\apj},
         year = 1955,
        month = jan,
       volume = {121},
        pages = {161},
          doi = {10.1086/145971},
       adsurl = {https://ui.adsabs.harvard.edu/abs/1955ApJ...121..161S},
      adsnote = {Provided by the SAO/NASA Astrophysics Data System}
}

% Sanchez (2020) 
@ARTICLE{Sanchez2020,
       author = {{S{\'a}nchez}, Sebasti{\'a}n F.},
        title = "{Spatially Resolved Spectroscopic Properties of Low-Redshift Star-Forming Galaxies}",
      journal = {\araa},
     keywords = {Astrophysics - Astrophysics of Galaxies},
         year = 2020,
        month = aug,
       volume = {58},
        pages = {99-155},
          doi = {10.1146/annurev-astro-012120-013326},
archivePrefix = {arXiv},
       eprint = {1911.06925},
 primaryClass = {astro-ph.GA},
       adsurl = {https://ui.adsabs.harvard.edu/abs/2020ARA&A..58...99S},
      adsnote = {Provided by the SAO/NASA Astrophysics Data System}
}

% Schmidt (1959) 
@ARTICLE{Schmidt1959,
       author = {{Schmidt}, Maarten},
        title = "{The Rate of Star Formation.}",
      journal = {\apj},
         year = 1959,
        month = mar,
       volume = {129},
        pages = {243},
          doi = {10.1086/146614},
       adsurl = {https://ui.adsabs.harvard.edu/abs/1959ApJ...129..243S},
      adsnote = {Provided by the SAO/NASA Astrophysics Data System}
}

% Schmidt (1963) 
@ARTICLE{Schmidt1963,
       author = {{Schmidt}, Maarten},
        title = "{The Rate of Star Formation. II. The Rate of Formation of Stars of Different Mass.}",
      journal = {\apj},
         year = 1963,
        month = apr,
       volume = {137},
        pages = {758},
          doi = {10.1086/147553},
       adsurl = {https://ui.adsabs.harvard.edu/abs/1963ApJ...137..758S},
      adsnote = {Provided by the SAO/NASA Astrophysics Data System}
}

% Schoenrich & Binney (2009) 
@ARTICLE{Schoenrich2009,
       author = {{Sch{\"o}nrich}, Ralph and {Binney}, James},
        title = "{Chemical evolution with radial mixing}",
      journal = {\mnras},
     keywords = {galaxies: abundances, galaxies: evolution, galaxies: ISM, galaxies: kinematics and dynamics, Galaxy: disc, solar neighbourhood, Astrophysics},
         year = "2009",
        month = "Jun",
       volume = {396},
       number = {1},
        pages = {203-222},
          doi = {10.1111/j.1365-2966.2009.14750.x},
archivePrefix = {arXiv},
       eprint = {0809.3006},
 primaryClass = {astro-ph},
       adsurl = {https://ui.adsabs.harvard.edu/abs/2009MNRAS.396..203S},
      adsnote = {Provided by the SAO/NASA Astrophysics Data System}
} 

@ARTICLE{Sellwood2002,
       author = {{Sellwood}, J.~A. and {Binney}, J.~J.},
        title = "{Radial mixing in galactic discs}",
      journal = {\mnras},
     keywords = {ISM: abundances, Galaxy: abundances, Galaxy: kinematics and dynamics, galaxies: evolution, galaxies: ISM, galaxies: structure, Astrophysics},
         year = 2002,
        month = nov,
       volume = {336},
       number = {3},
        pages = {785-796},
          doi = {10.1046/j.1365-8711.2002.05806.x},
archivePrefix = {arXiv},
       eprint = {astro-ph/0203510},
 primaryClass = {astro-ph},
       adsurl = {https://ui.adsabs.harvard.edu/abs/2002MNRAS.336..785S},
      adsnote = {Provided by the SAO/NASA Astrophysics Data System}
}

% Sharma, Hayden & Bland-Hawthorn (2020) 
@ARTICLE{Sharma2020,
       author = {{Sharma}, Sanjib and {Hayden}, Michael R. and {Bland-Hawthorn}, Joss},
        title = "{Chemical Enrichment and Radial Migration in the Galactic Disk -- the origin of the [$\alpha/\rm Fe]$ Double Sequence}",
      journal = {arXiv e-prints},
     keywords = {Astrophysics - Astrophysics of Galaxies},
         year = 2020,
        month = may,
          eid = {arXiv:2005.03646},
        pages = {arXiv:2005.03646},
archivePrefix = {arXiv},
       eprint = {2005.03646},
 primaryClass = {astro-ph.GA},
       adsurl = {https://ui.adsabs.harvard.edu/abs/2020arXiv200503646S},
      adsnote = {Provided by the SAO/NASA Astrophysics Data System}
}

% Shetrone et al. (2015) 
@ARTICLE{Shetrone2015,
       author = {{Shetrone}, M. and {Bizyaev}, D. and {Lawler}, J.~E. and
         {Allende Prieto}, C. and {Johnson}, J.~A. and {Smith}, V.~V. and
         {Cunha}, K. and {Holtzman}, J. and {Garc{\'\i}a P{\'e}rez}, A.~E. and
         {M{\'e}sz{\'a}ros}, Sz. and {Sobeck}, J. and {Zamora}, O. and
         {Garc{\'\i}a-Hern{\'a}ndez}, D.~A. and {Souto}, D. and
         {Chojnowski}, D. and {Koesterke}, L. and {Majewski}, S. and
         {Zasowski}, G.},
        title = "{The SDSS-III APOGEE Spectral Line List for H-band Spectroscopy}",
      journal = {\apjs},
     keywords = {atomic data, line: identification, methods: laboratory: atomic, molecular data, Astrophysics - Instrumentation and Methods for Astrophysics, Astrophysics - Astrophysics of Galaxies, Astrophysics - Solar and Stellar Astrophysics},
         year = 2015,
        month = dec,
       volume = {221},
       number = {2},
          eid = {24},
        pages = {24},
          doi = {10.1088/0067-0049/221/2/24},
archivePrefix = {arXiv},
       eprint = {1502.04080},
 primaryClass = {astro-ph.IM},
       adsurl = {https://ui.adsabs.harvard.edu/abs/2015ApJS..221...24S},
      adsnote = {Provided by the SAO/NASA Astrophysics Data System}
}

% Silva Aguirre et al. (2018)
@ARTICLE{SilvaAguirre2018,
       author = {{Silva Aguirre}, V. and {Bojsen-Hansen}, M. and {Slumstrup}, D. and
         {Casagrande}, L. and {Kawata}, D. and {Ciuc{\v{a}}}, I. and {Hand
        berg}, R. and {Lund}, M.~N. and {Mosumgaard}, J.~R. and {Huber}, D. and
         {Johnson}, J.~A. and {Pinsonneault}, M.~H. and {Serenelli}, A.~M. and
         {Stello}, D. and {Tayar}, J. and {Bird}, J.~C. and {Cassisi}, S. and
         {Hon}, M. and {Martig}, M. and {Nissen}, P.~E. and {Rix}, H.~W. and
         {Sch{\"o}nrich}, R. and {Sahlholdt}, C. and {Trick}, W.~H. and {Yu}, J.},
        title = "{Confirming chemical clocks: asteroseismic age dissection of the Milky Way disc(s)}",
      journal = {\mnras},
     keywords = {asteroseismology, stars: fundamental parameters, stars: kinematics and dynamic, Galaxy: disc, Galaxy: evolution, Galaxy: structure, Astrophysics - Astrophysics of Galaxies, Astrophysics - Solar and Stellar Astrophysics},
         year = "2018",
        month = "Apr",
       volume = {475},
       number = {4},
        pages = {5487-5500},
          doi = {10.1093/mnras/sty150},
archivePrefix = {arXiv},
       eprint = {1710.09847},
 primaryClass = {astro-ph.GA},
       adsurl = {https://ui.adsabs.harvard.edu/abs/2018MNRAS.475.5487S},
      adsnote = {Provided by the SAO/NASA Astrophysics Data System}
}

% Skrutskie et al. (2006) 
@ARTICLE{Skrutskie2006,
       author = {{Skrutskie}, M.~F. and {Cutri}, R.~M. and {Stiening}, R. and
         {Weinberg}, M.~D. and {Schneider}, S. and {Carpenter}, J.~M. and
         {Beichman}, C. and {Capps}, R. and {Chester}, T. and {Elias}, J. and
         {Huchra}, J. and {Liebert}, J. and {Lonsdale}, C. and {Monet}, D.~G. and
         {Price}, S. and {Seitzer}, P. and {Jarrett}, T. and
         {Kirkpatrick}, J.~D. and {Gizis}, J.~E. and {Howard}, E. and
         {Evans}, T. and {Fowler}, J. and {Fullmer}, L. and {Hurt}, R. and
         {Light}, R. and {Kopan}, E.~L. and {Marsh}, K.~A. and
         {McCallon}, H.~L. and {Tam}, R. and {Van Dyk}, S. and {Wheelock}, S.},
        title = "{The Two Micron All Sky Survey (2MASS)}",
      journal = {\aj},
     keywords = {Catalogs, Infrared: General, Surveys},
         year = 2006,
        month = feb,
       volume = {131},
       number = {2},
        pages = {1163-1183},
          doi = {10.1086/498708},
       adsurl = {https://ui.adsabs.harvard.edu/abs/2006AJ....131.1163S},
      adsnote = {Provided by the SAO/NASA Astrophysics Data System}
}

% Spitoni, Recchi & Matteucci (2008) 
@ARTICLE{Spitoni2008,
       author = {{Spitoni}, E. and {Recchi}, S. and {Matteucci}, F.},
        title = "{Galactic fountains and their connection with high and intermediate velocity clouds}",
      journal = {\aap},
     keywords = {ISM: jets and outflows, ISM: clouds, Galaxy: disk, Galaxy: open clusters and associations: general, Astrophysics},
         year = 2008,
        month = jun,
       volume = {484},
       number = {3},
        pages = {743-753},
          doi = {10.1051/0004-6361:200809403},
archivePrefix = {arXiv},
       eprint = {0803.3032},
 primaryClass = {astro-ph},
       adsurl = {https://ui.adsabs.harvard.edu/abs/2008A&A...484..743S},
      adsnote = {Provided by the SAO/NASA Astrophysics Data System}
}

% Spitoni et al. (2009) 
@ARTICLE{Spitoni2009,
       author = {{Spitoni}, E. and {Matteucci}, F. and {Recchi}, S. and {Cescutti}, G. and
         {Pipino}, A.},
        title = "{Effects of galactic fountains and delayed mixing in the chemical evolution of the Milky Way}",
      journal = {\aap},
     keywords = {Galaxy: abundances, Galaxy: evolution, Galaxy: disk, Galaxy: open clusters and associations: general, stars: supernovae: general, Astrophysics - Astrophysics of Galaxies},
         year = 2009,
        month = sep,
       volume = {504},
       number = {1},
        pages = {87-96},
          doi = {10.1051/0004-6361/200911768},
archivePrefix = {arXiv},
       eprint = {0906.3400},
 primaryClass = {astro-ph.GA},
       adsurl = {https://ui.adsabs.harvard.edu/abs/2009A&A...504...87S},
      adsnote = {Provided by the SAO/NASA Astrophysics Data System}
}

% Spitoni et al. (2016) 
@ARTICLE{Spitoni2016,
       author = {{Spitoni}, E. and {Vincenzo}, F. and {Matteucci}, F. and {Romano}, D.},
        title = "{Are ancient dwarf satellites the building blocks of the Galactic halo?}",
      journal = {\mnras},
     keywords = {ISM: abundances, Galaxy: abundances, Galaxy: evolution, Galaxy: halo, Astrophysics - Astrophysics of Galaxies},
         year = 2016,
        month = may,
       volume = {458},
       number = {3},
        pages = {2541-2552},
          doi = {10.1093/mnras/stw519},
archivePrefix = {arXiv},
       eprint = {1603.00344},
 primaryClass = {astro-ph.GA},
       adsurl = {https://ui.adsabs.harvard.edu/abs/2016MNRAS.458.2541S},
      adsnote = {Provided by the SAO/NASA Astrophysics Data System}
}

% Spitoni et al. (2018) 
@ARTICLE{Spitoni2018,
       author = {{Spitoni}, E. and {Matteucci}, F. and {J{\"o}nsson}, H. and {Ryde}, N. and
         {Romano}, D.},
        title = "{Fluorine in the solar neighborhood: Chemical evolution models}",
      journal = {\aap},
     keywords = {Galaxy: abundances, Galaxy: evolution, ISM: general, Astrophysics - Astrophysics of Galaxies},
         year = 2018,
        month = apr,
       volume = {612},
          eid = {A16},
        pages = {A16},
          doi = {10.1051/0004-6361/201732092},
archivePrefix = {arXiv},
       eprint = {1711.09671},
 primaryClass = {astro-ph.GA},
       adsurl = {https://ui.adsabs.harvard.edu/abs/2018A&A...612A..16S},
      adsnote = {Provided by the SAO/NASA Astrophysics Data System}
}

% Spitoni et al. (2019) 
@ARTICLE{Spitoni2019,
       author = {{Spitoni}, E. and {Silva Aguirre}, V. and {Matteucci}, F. and
         {Calura}, F. and {Grisoni}, V.},
        title = "{Galactic Archaeology with asteroseismic ages: Evidence for delayed gas infall in the formation of the Milky Way disc}",
      journal = {\aap},
     keywords = {Galaxy: abundances, Galaxy: evolution, ISM: general, asteroseismology, Astrophysics - Astrophysics of Galaxies},
         year = 2019,
        month = mar,
       volume = {623},
          eid = {A60},
        pages = {A60},
          doi = {10.1051/0004-6361/201834188},
archivePrefix = {arXiv},
       eprint = {1809.00914},
 primaryClass = {astro-ph.GA},
       adsurl = {https://ui.adsabs.harvard.edu/abs/2019A&A...623A..60S},
      adsnote = {Provided by the SAO/NASA Astrophysics Data System}
}

% Spitoni et al. (2020) 
@ARTICLE{Spitoni2020,
       author = {{Spitoni}, E. and {Verma}, K. and {Silva Aguirre}, V. and {Calura}, F.},
        title = "{Galactic archaeology with asteroseismic ages. II. Confirmation of a delayed gas infall using Bayesian analysis based on MCMC methods}",
      journal = {\aap},
     keywords = {Galaxy: abundances, Galaxy: evolution, ISM: general, asteroseismology, methods: statistical, Astrophysics - Astrophysics of Galaxies},
         year = 2020,
        month = mar,
       volume = {635},
          eid = {A58},
        pages = {A58},
          doi = {10.1051/0004-6361/201937275},
archivePrefix = {arXiv},
       eprint = {1912.04312},
 primaryClass = {astro-ph.GA},
       adsurl = {https://ui.adsabs.harvard.edu/abs/2020A&A...635A..58S},
      adsnote = {Provided by the SAO/NASA Astrophysics Data System}
}

% Sukhbold et al. (2016) 
@ARTICLE{Sukhbold2016,
       author = {{Sukhbold}, Tuguldur and {Ertl}, T. and {Woosley}, S.~E. and {Brown}, Justin M. and {Janka}, H. -T.},
        title = "{Core-collapse Supernovae from 9 to 120 Solar Masses Based on Neutrino-powered Explosions}",
      journal = {\apj},
     keywords = {nuclear reactions, nucleosynthesis, abundances, stars: black holes, stars: massive, stars: neutron, supernovae: general, Astrophysics - High Energy Astrophysical Phenomena, Astrophysics - Solar and Stellar Astrophysics},
         year = 2016,
        month = apr,
       volume = {821},
       number = {1},
          eid = {38},
        pages = {38},
          doi = {10.3847/0004-637X/821/1/38},
archivePrefix = {arXiv},
       eprint = {1510.04643},
 primaryClass = {astro-ph.HE},
       adsurl = {https://ui.adsabs.harvard.edu/abs/2016ApJ...821...38S},
      adsnote = {Provided by the SAO/NASA Astrophysics Data System}
}

% Tacconi et al. (2018) 
@ARTICLE{Tacconi2018,
       author = {{Tacconi}, L.~J. and {Genzel}, R. and {Saintonge}, A. and {Combes}, F. and
         {Garc{\'\i}a-Burillo}, S. and {Neri}, R. and {Bolatto}, A. and
         {Contini}, T. and {F{\"o}rster Schreiber}, N.~M. and {Lilly}, S. and
         {Lutz}, D. and {Wuyts}, S. and {Accurso}, G. and {Boissier}, J. and
         {Boone}, F. and {Bouch{\'e}}, N. and {Bournaud}, F. and {Burkert}, A. and
         {Carollo}, M. and {Cooper}, M. and {Cox}, P. and {Feruglio}, C. and
         {Freundlich}, J. and {Herrera-Camus}, R. and {Juneau}, S. and
         {Lippa}, M. and {Naab}, T. and {Renzini}, A. and {Salome}, P. and
         {Sternberg}, A. and {Tadaki}, K. and {{\"U}bler}, H. and {Walter}, F. and
         {Weiner}, B. and {Weiss}, A.},
        title = "{PHIBSS: Unified Scaling Relations of Gas Depletion Time and Molecular Gas Fractions}",
      journal = {\apj},
     keywords = {galaxies: evolution, galaxies: high-redshift, galaxies: kinematics and dynamics, infrared: galaxies, Astrophysics - Astrophysics of Galaxies},
         year = 2018,
        month = feb,
       volume = {853},
       number = {2},
          eid = {179},
        pages = {179},
          doi = {10.3847/1538-4357/aaa4b4},
archivePrefix = {arXiv},
       eprint = {1702.01140},
 primaryClass = {astro-ph.GA},
       adsurl = {https://ui.adsabs.harvard.edu/abs/2018ApJ...853..179T},
      adsnote = {Provided by the SAO/NASA Astrophysics Data System}
}

% Tinsley (1980) 
@ARTICLE{Tinsley1980,
       author = {{Tinsley}, B.~M.},
        title = "{Evolution of the Stars and Gas in Galaxies}",
      journal = {\fcp},
         year = 1980,
        month = jan,
       volume = {5},
        pages = {287-388},
       adsurl = {https://ui.adsabs.harvard.edu/abs/1980FCPh....5..287T},
      adsnote = {Provided by the SAO/NASA Astrophysics Data System}
}

% van den Bergh (1962) 
@ARTICLE{vandenBergh1962,
       author = {{\noopsort{Vandenbergh}{van den Bergh}}, S.},
        title = "{The frequency of stars with different metal abundances.}",
      journal = {\aj},
         year = 1962,
        month = oct,
       volume = {67},
        pages = {486-490},
          doi = {10.1086/108757},
       adsurl = {https://ui.adsabs.harvard.edu/abs/1962AJ.....67..486V},
      adsnote = {Provided by the SAO/NASA Astrophysics Data System}
}

% Vincenzo & Kobayashi (2020) 
@ARTICLE{Vincenzo2020,
       author = {{Vincenzo}, Fiorenzo and {Kobayashi}, Chiaki},
        title = "{Stellar migrations and metal flows - Chemical evolution of the thin disc of a simulated Milky Way analogous galaxy}",
      journal = {\mnras},
     keywords = {stars: abundances, galaxies: abundances, ISM: abundances, galaxies: evolution, Astrophysics - Astrophysics of Galaxies},
         year = 2020,
        month = may,
       volume = {496},
       number = {1},
        pages = {80-94},
          doi = {10.1093/mnras/staa1451},
archivePrefix = {arXiv},
       eprint = {2004.08050},
 primaryClass = {astro-ph.GA},
       adsurl = {https://ui.adsabs.harvard.edu/abs/2020MNRAS.496...80V},
      adsnote = {Provided by the SAO/NASA Astrophysics Data System}
}

% Wadsley et al. (2004) 
@ARTICLE{Wadlsey2004,
       author = {{Wadsley}, J.~W. and {Stadel}, J. and {Quinn}, T.},
        title = "{Gasoline: a flexible, parallel implementation of TreeSPH}",
      journal = {\na},
     keywords = {02.60.Cb, 95.30.Lz, 95.35.+d, Numerical simulation, solution of equations, Hydrodynamics, Dark matter, Hydrodynamics, Methods: numerical, Methods: n-body simulations, Dark matter, Astrophysics},
         year = 2004,
        month = feb,
       volume = {9},
       number = {2},
        pages = {137-158},
          doi = {10.1016/j.newast.2003.08.004},
archivePrefix = {arXiv},
       eprint = {astro-ph/0303521},
 primaryClass = {astro-ph},
       adsurl = {https://ui.adsabs.harvard.edu/abs/2004NewA....9..137W},
      adsnote = {Provided by the SAO/NASA Astrophysics Data System}
}

% Wadsley et al. (2017) 
@ARTICLE{Wadsley2017,
       author = {{Wadsley}, James W. and {Keller}, Benjamin W. and {Quinn}, Thomas R.},
        title = "{Gasoline2: a modern smoothed particle hydrodynamics code}",
      journal = {\mnras},
     keywords = {hydrodynamics, methods: numerical, Astrophysics - Instrumentation and Methods for Astrophysics, Astrophysics - Cosmology and Nongalactic Astrophysics},
         year = 2017,
        month = oct,
       volume = {471},
       number = {2},
        pages = {2357-2369},
          doi = {10.1093/mnras/stx1643},
archivePrefix = {arXiv},
       eprint = {1707.03824},
 primaryClass = {astro-ph.IM},
       adsurl = {https://ui.adsabs.harvard.edu/abs/2017MNRAS.471.2357W},
      adsnote = {Provided by the SAO/NASA Astrophysics Data System}
}

% Wang et al. (2015) 
@ARTICLE{Wang2015,
       author = {{Wang}, Liang and {Dutton}, Aaron A. and {Stinson}, Gregory S. and
         {Macci{\`o}}, Andrea V. and {Penzo}, Camilla and {Kang}, Xi and
         {Keller}, Ben W. and {Wadsley}, James},
        title = "{NIHAO project - I. Reproducing the inefficiency of galaxy formation across cosmic time with a large sample of cosmological hydrodynamical simulations}",
      journal = {\mnras},
     keywords = {methods: numerical, galaxies: dwarf, galaxies: evolution, galaxies: formation, galaxies: spiral, cosmology: theory, Astrophysics - Astrophysics of Galaxies, Astrophysics - Cosmology and Nongalactic Astrophysics},
         year = 2015,
        month = nov,
       volume = {454},
       number = {1},
        pages = {83-94},
          doi = {10.1093/mnras/stv1937},
archivePrefix = {arXiv},
       eprint = {1503.04818},
 primaryClass = {astro-ph.GA},
       adsurl = {https://ui.adsabs.harvard.edu/abs/2015MNRAS.454...83W},
      adsnote = {Provided by the SAO/NASA Astrophysics Data System}
}

% Wilson et al. (2020) APOGEE spectrographs paper
@ARTICLE{Wilson2020,
       author = {{Wilson}, J.~C. and {Hearty}, F.~R. and {Skrutskie}, M.~F. and
         {Majewski}, S.~R. and {Holtzman}, J.~A. and {Eisenstein}, D. and
         {Gunn}, J. and {Blank}, B. and {Henderson}, C. and {Smee}, S. and
         {Nelson}, M. and {Nidever}, D. and {Arns}, J. and {Barkhouser}, R. and
         {Barr}, J. and {Beland}, S. and {Bershady}, M.~A. and {Blanton}, M.~R. and
         {Brunner}, S. and {Burton}, A. and {Carey}, L. and {Carr}, M. and
         {Colque}, J.~P. and {Crane}, J. and {Damke}, G.~J. and
         {Davidson}, J.~W., Jr. and {Dean}, J. and {Di Mille}, F. and
         {Don}, K.~W. and {Ebelke}, G. and {Evans}, M. and {Fitzgerald}, G. and
         {Gillespie}, B. and {Hall}, M. and {Harding}, A. and {Harding}, P. and
         {Hammond}, R. and {Hancock}, D. and {Harrison}, C. and {Hope}, S. and
         {Horne}, T. and {Karakla}, J. and {Lam}, C. and {Leger}, F. and
         {MacDonald}, N. and {Maseman}, P. and {Matsunari}, J. and {Melton}, S. and
         {Mitcheltree}, T. and {O'Brien}, T. and {O'Connell}, R.~W. and
         {Patten}, A. and {Richardson}, W. and {Rieke}, G. and {Rieke}, M. and
         {Roman-Lopes}, A. and {Schiavon}, R.~P. and {Sobeck}, J.~S. and
         {Stolberg}, T. and {Stoll}, R. and {Tembe}, M. and {Trujillo}, J.~D. and
         {Uomoto}, A. and {Vernieri}, M. and {Walker}, E. and {Weinberg}, D.~H. and
         {Young}, E. and {Anthony-Brumfield}, B. and {Bizyaev}, D. and
         {Breslauer}, B. and {De Lee}, N. and {Downey}, J. and {Halverson}, S. and
         {Huehnerhoff}, J. and {Klaene}, M. and {Leon}, E. and {Long}, D. and
         {Mahadevan}, S. and {Malanushenko}, E. and {Nguyen}, D.~C. and
         {Owen}, R. and {S{\'a}nchez-Gallego}, J.~R. and {Sayres}, C. and
         {Shane}, N. and {Shectman}, S.~A. and {Shetrone}, M. and {Skinner}, D. and
         {Stauffer}, F. and {Zhao}, B.},
        title = "{The Apache Point Observatory Galactic Evolution Experiment (APOGEE) Spectrographs}",
      journal = {\pasp},
     keywords = {Astrophysics - Instrumentation and Methods for Astrophysics},
         year = 2019,
        month = may,
       volume = {131},
       number = {999},
        pages = {055001},
          doi = {10.1088/1538-3873/ab0075},
archivePrefix = {arXiv},
       eprint = {1902.00928},
 primaryClass = {astro-ph.IM},
       adsurl = {https://ui.adsabs.harvard.edu/abs/2019PASP..131e5001W},
      adsnote = {Provided by the SAO/NASA Astrophysics Data System}
}

% Weinberg, Andrews, & Freudenberg (2017)
@ARTICLE{Weinberg2017,
   author = {{Weinberg}, D.~H. and {Andrews}, B.~H. and {Freudenburg}, J.
	},
    title = "{Equilibrium and Sudden Events in Chemical Evolution}",
  journal = {\apj},
archivePrefix = "arXiv",
   eprint = {1604.07435},
 keywords = {galaxies: abundances, galaxies: evolution},
     year = 2017,
    month = mar,
   volume = 837,
      eid = {183},
    pages = {183},
      doi = {10.3847/1538-4357/837/2/183},
   adsurl = {http://adsabs.harvard.edu/abs/2017ApJ...837..183W},
  adsnote = {Provided by the SAO/NASA Astrophysics Data System}
} 

% Weinberg et al. (2019) 
@ARTICLE{Weinberg2019,
       author = {{Weinberg}, David H. and {Holtzman}, Jon A. and {Hasselquist}, Sten and
         {Bird}, Jonathan C. and {Johnson}, Jennifer A. and {Shetrone}, Matthew and
         {Sobeck}, Jennifer and {Allende Prieto}, Carlos and {Bizyaev}, Dmitry and
         {Carrera}, Ricardo and {Cohen}, Roger E. and {Cunha}, Katia and
         {Ebelke}, Garrett and {Fernandez-Trincado}, J.~G. and
         {Garc{\'\i}a-Hern{\'a}ndez}, D.~A. and {Hayes}, Christian R. and
         {J{\"o}nsson}, Henrik and {Lane}, Richard R. and {Majewski}, Steven R. and
         {Malanushenko}, Viktor and {M{\'e}sz{\'a}ros}, Szabolcs and
         {Nidever}, David L. and {Nitschelm}, Christian and {Pan}, Kaike and
         {Rix}, Hans-Walter and {Rybizki}, Jan and {Schiavon}, Ricardo P. and
         {Schneider}, Donald P. and {Wilson}, John C. and {Zamora}, Olga},
        title = "{Chemical Cartography with APOGEE: Multi-element Abundance Ratios}",
      journal = {\apj},
     keywords = {Galaxy: abundances, Galaxy: disk, nuclear reactions, nucleosynthesis, abundances, stars: abundances, Astrophysics - Astrophysics of Galaxies},
         year = 2019,
        month = mar,
       volume = {874},
       number = {1},
          eid = {102},
        pages = {102},
          doi = {10.3847/1538-4357/ab07c7},
archivePrefix = {arXiv},
       eprint = {1810.12325},
 primaryClass = {astro-ph.GA},
       adsurl = {https://ui.adsabs.harvard.edu/abs/2019ApJ...874..102W},
      adsnote = {Provided by the SAO/NASA Astrophysics Data System}
}

% Wielen et al. (1996) 
@ARTICLE{Wielen1996,
       author = {{Wielen}, R. and {Fuchs}, B. and {Dettbarn}, C.},
        title = "{On the birth-place of the Sun and the places of formation of other nearby stars}",
      journal = {\aap},
         year = 1996,
        month = oct,
       volume = {314},
        pages = {438},
       adsurl = {https://ui.adsabs.harvard.edu/abs/1996A&A...314..438W},
      adsnote = {Provided by the SAO/NASA Astrophysics Data System}
}

% Zamora et al. (2015) 
@ARTICLE{Zamora2015,
       author = {{Zamora}, O. and {Garc{\'\i}a-Hern{\'a}ndez}, D.~A. and
         {Allende Prieto}, C. and {Carrera}, R. and {Koesterke}, L. and
         {Edvardsson}, B. and {Castelli}, F. and {Plez}, B. and {Bizyaev}, D. and
         {Cunha}, K. and {Garc{\'\i}a P{\'e}rez}, A.~E. and {Gustafsson}, B. and
         {Holtzman}, J.~A. and {Lawler}, J.~E. and {Majewski}, S.~R. and
         {Manchado}, A. and {M{\'e}sz{\'a}ros}, Sz. and {Shane}, N. and
         {Shetrone}, M. and {Smith}, V.~V. and {Zasowski}, G.},
        title = "{New H-band Stellar Spectral Libraries for the SDSS-III/APOGEE Survey}",
      journal = {\aj},
     keywords = {astrochemistry, radiative transfer, stars: atmospheres, Astrophysics - Solar and Stellar Astrophysics},
         year = 2015,
        month = jun,
       volume = {149},
       number = {6},
          eid = {181},
        pages = {181},
          doi = {10.1088/0004-6256/149/6/181},
archivePrefix = {arXiv},
       eprint = {1502.05237},
 primaryClass = {astro-ph.SR},
       adsurl = {https://ui.adsabs.harvard.edu/abs/2015AJ....149..181Z},
      adsnote = {Provided by the SAO/NASA Astrophysics Data System}
}

% Zolotov et al. (2012) 
@ARTICLE{Zolotov2012,
       author = {{Zolotov}, Adi and {Brooks}, Alyson M. and {Willman}, Beth and
         {Governato}, Fabio and {Pontzen}, Andrew and {Christensen}, Charlotte and
         {Dekel}, Avishai and {Quinn}, Tom and {Shen}, Sijing and
         {Wadsley}, James},
        title = "{Baryons Matter: Why Luminous Satellite Galaxies have Reduced Central Masses}",
      journal = {\apj},
     keywords = {galaxies: dwarf, Galaxy: halo, Astrophysics - Cosmology and Nongalactic Astrophysics},
         year = 2012,
        month = dec,
       volume = {761},
       number = {1},
          eid = {71},
        pages = {71},
          doi = {10.1088/0004-637X/761/1/71},
archivePrefix = {arXiv},
       eprint = {1207.0007},
 primaryClass = {astro-ph.CO},
       adsurl = {https://ui.adsabs.harvard.edu/abs/2012ApJ...761...71Z},
      adsnote = {Provided by the SAO/NASA Astrophysics Data System}
}
